3300 5042
696 427 840 502 224
1327 445 1497 496 mn.
1548 444 1655 509 11,
1717 445 1887 496 oon
1953 447 2066 498 ιν.

1419 739 1747 826 -ODE
1832 741 1996 826 IV.

1320 992 1457 1062 AD
1514 993 2160 1064 xANTHIAM.

782 1264 889 1335 NB.
932 1266 1016 1333 sit
1065 1261 1322 1332 ancille
1358 1264 1481 1331 tibi
1518 1285 1710 1333 amor
1753 1266 2041 1356 pudori,

780 1373 1083 1444 Xanthia
1130 1373 1395 1442 Phoceu
1408 1423 1431 1459 ‚
1476 1363 1664 1463 §rius
1715 1375 2102 1442 insolentem

780 1485 983 1556 Serva
1026 1483 1267 1552 Briseis
1308 1486 1501 1552 niveo
1536 1484 1758 1551 colore
1879 1507 1892 1516 ·

1046 1595 1260 1662 Movit
1305 1592 1639 1662 Achillem
1667 1622 1686 1662 ε

780 1761 991 1834 Movit
1028 1762 1298 1850 Ajacem
1328 1761 1694 1830 Telamone
1727 1773 1964 1830 natum

782 1873 1023 1942 Forma
1065 1875 1339 1961 captivae
1380 1873 1732 1940 dominum
1777 1875 2138 1942 Tecmessae
2165 1899 2186 1942 t

782 1983 960 2054 Arsit
1003 1981 1262 2049 Atrides
1308 1981 1530 2048 medio
1568 1985 1643 2050 in
1689 1981 2036 2074 triumpho

1054 2090 1333 2182 Virgine
1386 2107 1573 2182 rapta
1589 2139 1615 2176 ,

783 2252 1097 2322 Barbarae
1128 2271 1477 2343 postquam
1514 2255 1810 2322 cecidere
1853 2271 2123 2340 turmae,

782 2361 1104 2430 Thessalo
1140 2365 1425 2449 victore,
1467 2379 1531 2430 et
1579 2365 1925 2453 ademptus
1966 2363 2210 2432 Hector

784 2471 1095 2540 Tradidit
1139 2471 1321 2540 fessis
1364 2471 1613 2540 leviora
1658 2473 1803 2540 tolli

1056 2583 1377 2672 Pergama
1432 2581 1678 2672 Graiis.

784 2745 1050 2814 Nescias
1088 2768 1175 2812 an
1222 2763 1285 2812 tc
1322 2771 1641 2838 generum
1689 2749 1866 2817 beati

778 2855 1106 2946 Phyllidis
1154 2859 1343 2926 fiavae
1380 2859 1693 2929 decorent
1729 2879 2030 2952 parentes
2053 2865 2086 2930 P

784 2965 1071 3060 Regium
1114 2985 1289 3034 certe
1333 2993 1585 3062 genus,
1633 2989 1700 3039 et
1747 2973 2020 3042 Penates

1057 3077 1293 3144 Μαι-ει
1337 3081 1625 3170 iniquos.

784 3247 996 3318 Crede
1042 3271 1179 3316 non
1222 3247 1405 3316 illan
1462 3249 1584 3314 tibi
1633 3249 1720 3316 de
1771 3249 2038 3319 scelesta

785 3361 978 3428 Plebc
1028 3359 1335 3426 dilectam
1355 3410 1376 3445 ,
1426 3383 1639 3449 neque
1687 3363 1780 3429 sic
1830 3361 2092 3432 fidelem
2115 3411 2137 3450 ,

784 3468 899 3538 Sic
932 3470 1123 3537 lucro
1157 3491 1449 3538 aversam
1486 3473 1774 3558 potuisse
1820 3475 2004 3542 nasci

1049 3577 1261 3645 Matre
1294 3578 1627 3668 pudenda.

779 3751 1063 3818 Brachia
1102 3769 1165 3818 et
1208 3752 1465 3820 vultum
1485 3801 1509 3832 ,
1559 3769 1914 3842 teretesque
1966 3779 2151 3825 suras

772 3859 1037 3951 Integer
1078 3861 1327 3947 laud03
1372 3863 1531 3952 fuge
1574 3867 1896 3952 suspicari

780 3968 992 4060 Cujus
1032 3989 1338 4040 octavum
1373 3973 1726 4061 trepidavit
1769 3991 1922 4044 aetan

1050 4077 1375 4148 Claudere
1418 4079 1724 4150 lustrum.

2714 2387 2798 2432 10

2713 2975 2794 3044 15

2705 3605 2796 3652 20
