3300 5042
789 561 924 634 272
1423 563 1593 610 mn.
1645 563 1755 626 11,
1822 561 2001 614 01>ss
2048 564 2221 614 nv.

1513 845 1777 933 ODE
1858 845 2122 930 XIV.

1381 1095 1524 1162 AD
1595 1093 2259 1162 POSTUMUM.

825 1345 1107 1430 ‘Enssul
1159 1365 1460 1452 fugaces,
1501 1365 1843 1446 Postume,
1888 1365 2191 1431 Postume
2210 1407 2233 1444 ,

813 1527 818 1536 .
862 1469 1204 1536 Labuntur
1251 1475 1443 1556 anni3
1491 1495 1613 1536 nec
1655 1476 1861 1558 pietas
1902 1493 2163 1536 moram

1145 1581 1352 1668 Rugis
1406 1598 1466 1644 et
1517 1584 1785 1648 instanti
1832 1597 2104 1646 senectae

1043 1687 1282 1752 Afferet
1307 1736 1327 1770 ,
1377 1688 1842 1774 indomitaeque
1884 1689 2084 1754 Morti
2120 1713 2138 1750 ς

859 1855 1008 1920 Non
1029 1903 1051 1938 ,
1101 1858 1156 1920 si
1215 1860 1527 1940 trecenis,
1575 1873 1897 1942 quotquot
1944 1871 2101 1920 eunt
2140 1853 2313 1938 dies,

859 1964 1090 2028 Amice
1115 2010 1136 2044 ,
1183 1963 1402 2050 places
1445 1964 1998 2051 illacrymabilem

1139 2071 1416 2136 Plutona
1467 2075 1706 2152 tauris,
1750 2075 1867 2158 qui
1920 2087 2015 2136 ter
2054 2068 2353 2158 amplum

1035 2179 1432 2265 Geryonen,
1477 2181 1855 2266 Tityonque
1901 2181 2065 2244 tristi

857 2345 1233 2434 Compescit
1289 2347 1464 2411 unda
1489 2395 1510 2430 ,
1547 2345 1792 2412 scilicet
1826 2344 2133 2410 omnibus

855 2455 1280 2541 Quicumque
1329 2472 1514 2520 terrae
1561 2477 1833 2519 munere
1884 2455 2209 2518 vescimur

1125 2566 1550 2653 Enaviganda
1579 2615 1600 2648 ,
1654 2567 1787 2629 sive
1832 2586 2056 2651 regest,

1029 2677 1180 2744 Sive
1223 2678 1452 2762 inopes
1503 2677 1748 2740 erimus
1791 2673 2029 2738 coloni.

851 2845 1111 2910 Frustra
1157 2859 1428 2906 cruento
1469 2841 1679 2906 Marte
1728 2839 2139 2924 cavebimus,

849 2950 1223 3036 Fractisque
1269 2951 1456 3014 rauci
1495 2947 1805 3014 fluctibus
1860 2947 2123 3032 Adri-23

1125 3057 1387 3122 Frustra
1436 3079 1553 3142 per
1601 3070 1950 3120 autumnos
2000 3068 2347 3120 nocentem

1027 3164 1438 3253 Corporibus
1478 3179 1843 3230 metuemus
1890 3164 2253 3230 Austrum:
2382 3239 2391 3248 ,

848 3336 1172 3405 visendus
1223 3351 1360 3400 ater
1411 3337 1685 3400 flumine
1734 3334 2051 3424 languido

849 3445 1138 3532 Cocytus
1185 3467 1410 3509 errans
1437 3491 1458 3526 ,
1508 3459 1571 3507 et
1605 3445 1819 3510 Danai
1874 3465 2079 3530 genus

1121 3551 1378 3617 Infame
1401 3599 1422 3634 ,
1471 3551 1952 3636 damnatusque
1987 3547 2171 3636 longi

941 3705 947 3709 ·
1025 3657 1348 3746 Sisyphus
1390 3656 1681 3722 AEolides
1718 3655 1979 3722 laboris.

847 3826 1233 3912 Linquenda
1289 3823 1476 3890 tellus
1501 3872 1525 3907 ,
1575 3839 1640 3887 et
1680 3823 1917 3888 domus
1936 3869 1959 3906 ,
2013 3837 2075 3886 et
2116 3819 2381 3909 placens

848 3937 1074 4022 Uxor3
1117 3957 1326 4020 neque
1376 3933 1611 3998 harum
1656 3955 1817 4020 quas
1860 3931 2020 3998 colis
2062 3931 2375 3998 arborum

1121 4045 1254 4127 Te,
1302 4060 1540 4129 praeter
1578 4045 1818 4108 invisas
1858 4065 2233 4128 cupressos,

1025 4151 1174 4226 Ulla
1212 4151 1475 4223 brevem
1529 4151 1879 4220 dominum
1924 4165 2245 4238 sequetur·

2793 2476 2875 2520 10

2774 3679 2867 3726 20
