3300 5042
784 591 863 690 lij
1501 611 1892 662 nonA‘ru
1952 611 2188 662 vrrs.

881 721 1060 792 Vixit
1094 717 1458 809 plurimum
1503 719 1576 786 in
1614 743 1865 786 secessu
1894 722 2069 786 ruris
2088 721 2189 786 sui
2218 719 2453 787 Sabini
2482 735 2598 786 aut
2621 719 2879 788 Tibur-

797 833 968 916 tini,
1009 832 1372 916 domusque
1406 829 1545 916 ejus
1590 830 1951 895 ostenditur
1999 832 2179 896 cirea
2226 829 2514 898 Tiburni
2556 829 2875 897 luculum.

791 938 1126 1008 Venerunt
1151 938 1224 1002 in
1251 957 1486 1001 manus
1511 957 1689 1000 meas
1704 951 1765 1000 et
1786 935 1952 1023 elegi
1978 935 2101 1002 sub
2123 935 2264 1022 ejus
2292 933 2479 1001 titulo
2506 950 2571 1000 et
2606 933 2875 1023 epistola

786 1071 984 1138 prosa
999 1048 1318 1130 oratione,
1329 1047 1516 1131 qnasi
1534 1046 2053 1112 commendantis
2070 1069 2137 1112 se
2152 1045 2513 1112 Maecenati.
2546 1045 2675 1112 Sed
2699 1064 2869 1111 utra·

787 1175 918 1242 que
935 1153 1096 1221 falsa
1119 1170 1299 1242 puto.
1315 1153 1485 1219 Nam
1503 1153 1666 1242 elegi
1685 1151 2007 1242 vulgares,
2036 1153 2306 1239 epistola
2326 1156 2523 1218 etiam
2546 1153 2822 1219 obscura
2842 1201 2869 1236 ‚

785 1283 920 1350 quo
940 1263 1100 1329 vitio
1125 1263 1400 1326 minime
1423 1259 1781 1326 tenebatur.
1820 1261 2024 1326 Natus
2048 1277 2141 1326 est
2166 1259 2256 1328 VI
2284 1260 2431 1326 idus
2458 1261 2819 1327 decembris
2841 1309 2867 1345 ,

785 1371 860 1436 L.
885 1368 1075 1436 Cotta
1095 1385 1159 1434 et
1177 1370 1249 1434 L.
1271 1369 1608 1455 Torquato
1628 1392 1787 1434 coss.
1822 1367 2113 1435 Decessit
2130 1369 2191 1437 V
2210 1366 2340 1433 kal.
2366 1370 2507 1435 dec.
2528 1367 2602 1436 C.
2628 1369 2867 1436 Martio

791 1477 1152 1547 Censorino
1195 1496 1258 1544 et
1296 1477 1370 1544 C.
1408 1479 1638 1545 Asinio
1684 1477 1875 1544 Gallo
1917 1500 2079 1544 coss.
2131 1477 2269 1565 (25)
2324 1495 2469 1566 post
2490 1503 2762 1564 *nonum
2800 1497 2867 1546 et

790 1588 1409 1676 quinquagesimum
1437 1611 1685 1654 annum
1702 1635 1725 1664 ,
1760 1586 1999 1652 herede
2036 1585 2335 1676 Augusto
2358 1587 2581 1676 palam
2608 1613 2869 1655 nuncu-

789 1715 945 1786 pato
967 1747 990 1782 ,
1031 1720 1186 1763 cum
1221 1713 1490 1784 urgente
1528 1699 1594 1764 vi
1627 1695 2015 1763 valetudinis
2042 1719 2179 1763 non
2214 1697 2533 1764 sufficeret
2562 1699 2648 1763 ad
2685 1696 2865 1764 obsi-

793 1807 1090 1896 gnandas
1111 1808 1470 1871 testamenti
1499 1804 1767 1870 tabulas.
1789 1805 2113 1872 Humatus
2138 1821 2201 1870 et
2221 1808 2522 1875 conditus
2544 1823 2636 1876 est
2658 1823 2863 1873 extre-
2984 1837 3003 1850 ·

793 1917 920 1981 mis
937 1912 1242 2005 Esquiliis
1255 1914 1434 2003 juxta
1461 1913 1833 1984 Maecenatis
1858 1912 2207 1982 tumulum.
