3300 5042
830 561 962 634 182
1438 585 1605 635 Lus.
1660 588 1728 651 1,
1797 588 1964 640 ons
2015 593 2288 642 xxxv.

1482 875 1751 960 ODE
1843 880 2246 964 XXXV.

1446 1143 1589 1214 AD
1655 1147 2302 1218 FORTUNAM.

920 1413 984 1483 Ο
1011 1418 1242 1498 DlvA,
1292 1429 1553 1504 gratum
1596 1437 1745 1502 quae
1790 1419 1962 1506 regis
2008 1418 2276 1483 Antium
2299 1461 2324 1499 ,

918 1527 1209 1592 Praesens
1252 1523 1351 1590 vel
1406 1527 1543 1610 imo
1596 1523 1818 1590 tollere
1871 1527 1952 1590 de
2006 1529 2218 1616 gradu

1190 1633 1465 1698 Mortale
1508 1657 1746 1722 corpus
1771 1684 1794 1720 ,
1845 1635 1946 1702 vel
1993 1635 2304 1723 superbos

1096 1741 1360 1809 Vertere
1400 1741 1744 1810 funeribus
1797 1744 2204 1832 triumphos!

926 1909 1023 1974 Te
1060 1933 1311 1997 pauper
1356 1909 1563 1974 ambit
1616 1909 1892 1976 sollicita
1942 1935 2136 1998 prece

926 2019 1124 2084 Ruris
1174 2018 1445 2084 colonus
1470 2067 1491 2102 ,
1554 2034 1612 2083 te
1665 2019 2004 2084 dominam
2059 2021 2331 2106 aequoris
2354 2067 2378 2094 ,

1196 2125 1617 2214 Quicumque
1661 2127 1946 2214 Bithyna
1991 2127 2242 2194 lacessit

1105 2233 1537 2323 Carpathium
1585 2235 1853 2326 pelagus
1905 2239 2148 2303 carina.

931 2399 1029 2467 Te
1082 2405 1301 2470 Dacus
1351 2427 1580 2492 asper,
1626 2423 1687 2470 te
1733 2406 1999 2494 profugi
2043 2401 2339 2490 Scythae,

932 2513 1313 2600 Urbesque,
1368 2531 1753 2602 gentesque,
1797 2531 1861 2579 et
1899 2515 2157 2579 Latium
2205 2515 2419 2592 ferox,

1204 2623 1589 2708 Regumque
1632 2637 1870 2686 matres
1919 2621 2349 2687 barbarorum
2375 2667 2397 2702 ,
2443 2633 2506 2684 et

1119 2731 1445 2818 Purpurei
1494 2747 1796 2796 metuunt
1837 2734 2142 2818 tyranni,

932 2893 1263 2979 Iniurioso
1308 2919 1391 2961 ne
1442 2895 1609 2982 pede
1657 2917 1936 2982 proruas

933 3005 1224 3070 Stantem
1267 3005 1676 3085 columnam,
1709 3027 1838 3069 neu
1863 3003 2145 3092 populus
2175 3005 2480 3090 frequens

1202 3111 1305 3178 Ad
1358 3135 1539 3176 arma
1591 3129 1948 3194 cessantes,
1987 3113 2070 3176 ad
2118 3135 2300 3176 arma

1128 3219 1462 3306 Concitet,
1507 3223 1988 3308 imperiumque
2028 3222 2306 3310 frangat.

935 3389 1036 3452 Te
1078 3411 1335 3476 semper
1390 3391 1589 3454 anteit
1637 3411 1804 3456 saeva
1848 3389 2202 3456 Necessitas
2221 3436 2244 3472 ,

938 3494 1175 3563 Clavos
1222 3495 1499 3561 trabales
1550 3513 1614 3560 et
1661 3519 1902 3562 cuneos
1953 3519 2157 3562 manu

1208 3601 1479 3668 Gestans
1516 3625 1719 3685 aena3
1777 3626 1898 3666 nec
1939 3627 2194 3670 severus

1116 3709 1344 3774 Uncus
1390 3709 1604 3790 abest,
1646 3709 2108 3796 liquidumque
2157 3707 2524 3798 plumbum.

943 3877 1039 3950 Te
1090 3877 1285 3964 Spes,
1333 3896 1395 3943 et
1444 3879 1595 3944 albo
1636 3901 1788 3944 rara
1825 3878 2010 3944 Fides
2065 3877 2222 3944 colit

944 3983 1167 4050 Velata
1200 4007 1461 4072 pann0,
1501 4011 1619 4052 nec
1663 3988 1968 4050 comitem
1995 3985 2304 4074 abnegat,

1214 4094 1581 4181 Utcumque
1622 4111 1868 4159 mutata
1919 4111 2208 4180 potentes

1126 4198 1311 4262 Veste
1356 4199 1619 4282 domos,
1663 4200 1976 4283 inimica,
2023 4197 2286 4284 linquis.

2861 2537 2936 2578 10

2857 3111 2934 3179 15

2867 3739 2948 3782 20
