3300 5042
755 529 890 602 252
1445 555 1618 602 mn.
1672 555 1797 616 11‚‘
1848 554 2016 602 one
2066 543 2147 602 ι’

1553 843 1819 927 ODE
1914 845 2023 928 X.

1415 1095 1556 1164 AD
1619 1095 2173 1164 LICINIUM.

752 1365 1062 1432 REchs
1102 1367 1310 1448 viveS,
1357 1365 1617 1449 Licini,
1660 1387 1869 1452 neque
1918 1364 2123 1430 altum

751 1473 1026 1562 Semper
1073 1477 1367 1566 urgendo
1389 1527 1410 1562 ,
1466 1499 1717 1562 neque,
1768 1476 1931 1540 dum
1982 1473 2303 1561 procellas

753 1581 999 1650 Cautus
1043 1583 1404 1668 horrescis,
1452 1587 1738 1650 nimium
1790 1583 2157 1672 premendo

1016 1693 1199 1760 Litus
1245 1697 1570 1781 iniquum.

750 1861 1040 1928 Auream
1081 1867 1374 1951 quisquis
1411 1864 1930 1931 mediocritatem
2792 1855 2835 1924 5

677 1953 684 1960 ’
749 1969 1023 2058 Diligit,
1071 1987 1248 2037 tutus
1285 1988 1462 2038 caret
1505 1973 1781 2038 obsoleti

752 2079 1072 2146 Sor-dibus
1119 2085 1314 2162 tecti,
1359 2100 1536 2148 caret
1568 2081 1923 2151 invidenda

1017 2187 1288 2258 Sobrius
1328 2189 1494 2256 aula.

747 2355 1002 2442 Saepiue
1048 2361 1255 2425 ventis
1301 2363 1583 2449 agitatur
1631 2364 1867 2448 ingens

749 2462 996 2549 Pinus3
1047 2483 1109 2530 et
1157 2465 1340 2534 celsae
1389 2472 1687 2557 graviore
1744 2489 1901 2534 casu
2732 2477 2833 2520 ·10

749 2573 1082 2642 Decidunt
1129 2593 1336 2642 turres
1359 2627 1380 2660 ‚
1419 2581 1791 2663 feriuntque
1844 2593 2135 2640 summos

1013 2683 1300 2772 Fulgura
1351 2701 1625 2750 montes.

749 2849 980 2936 Sperat
1020 2853 1307 2935 infestis,
1335 2855 1566 2916 metuit
1609 2852 1912 2918 secundis

748 2957 1036 3023 Alteram
1075 2977 1314 3026 sortem
1363 2961 1528 3026 bene
1567 2977 2006 3048 praeparatum

750 3064 998 3132 Pectus.
1043 3067 1362 3134 Informes
1403 3068 1650 3135 hiemes
1700 3067 1957 3132 reducit
2752 3057 2833 3128 15

1015 3177 1274 3264 Jupiter
1294 3227 1314 3260 ,
1365 3177 1542 3242 idem

751 3343 1149 3409 Summovet.
1205 3343 1398 3426 Non,
1433 3347 1488 3410 si
1538 3343 1711 3410 male
1753 3365 1973 3426 nunc,
2022 3358 2086 3405 et
2137 3341 2295 3406 olim

750 3450 860 3516 Sic
913 3455 1077 3516 erit:
1128 3453 1462 3538 quondam
1510 3452 1759 3517 cithara
1794 3466 2115 3516 tacentem

749 3557 1030 3626 Suscitat
1072 3560 1330 3626 Musam
1353 3611 1375 3645 ,
1425 3583 1634 3648 neque
1682 3583 1937 3648 semper
1976 3579 2206 3625 arcum

1016 3667 1258 3734 Tendit
1304 3669 1559 3756 Apollo.
2742 3677 2831 3722 20

747 3833 966 3900 Rebus
1011 3840 1298 3926 angustis
1340 3841 1671 3904 animosus
1722 3854 1915 3924 atque

749 3947 956 4010 Fortis
1006 3968 1288 4034 appare3
1339 3953 1661 4035 sapienter
1710 3951 1887 4012 idem

751 4055 1110 4122 Contrahes
1147 4072 1333 4123 vento
1379 4062 1665 4126 nimium
1717 4059 2001 4128 secundo

1013 4165 1312 4254 Turgida
1353 4167 1512 4236 vela.
