3300 5042
833 499 972 572 256
1391 497 1400 504 ’
1493 531 1664 578 mn.
1716 531 1829 598 11,
1894 529 2065 580 our.
2114 533 2235 578 xl.

1611 817 1881 902 ODE
1956 818 2118 902 XI.

1475 1072 1609 1140 An
1682 1071 2269 1158 QUINTIUM.

919 1349 1116 1431 Qun>
1155 1343 1502 1412 bellicosus
1547 1341 1881 1410 Cantaber
1924 1360 1987 1408 et
2030 1341 2349 1431 Scythes,

917 1455 1197 1542 Hirpine
1241 1450 1528 1535 Quinti,
1577 1453 1859 1539 cogitet,
1911 1449 2117 1516 Adria

1187 1563 1450 1630 Divinus
1495 1559 1790 1645 objecto,
1830 1562 2125 1626 remittas

1099 1667 1410 1754 Quaerere
1437 1715 1461 1750 ,
1507 1691 1630 1734 nec
1670 1667 1953 1757 trepides
1978 1671 2051 1732 in
2100 1687 2295 1734 usum

919 1839 1252 1904 Poscentis
1302 1841 1423 1906 aevi
1463 1860 1696 1927 pauca.
1747 1837 1941 1928 Fugit
1985 1853 2163 1904 retro

921 1949 1108 2014 Levis
1143 1947 1450 2012 luventas
1497 1964 1562 2011 et
1595 1950 1859 2032 Decor3
1908 1948 2093 2012 arida

1191 2054 1472 2121 Pellente
1515 2054 1791 2122 lascivos
1838 2080 2094 2122 amores

1107 2161 1396 2248 canitie,
1440 2164 1832 2252 facilemque
1882 2191 2211 2234 somnum.

924 2327 1074 2395 Non
1121 2353 1375 2418 semper
1422 2331 1598 2397 idem
1645 2333 1923 2399 floribus
1966 2351 2061 2400 est
2106 2332 2321 2398 honor
2418 2321 2425 2324 ’

927 2439 1160 2508 Vernis
1182 2489 1203 2525 ,
1248 2465 1458 2530 neque
1511 2467 1646 2510 uno
1698 2445 1888 2511 Luna
1934 2443 2177 2512 rubens
2221 2446 2383 2509 nitet

1201 2553 1424 2620 Vultu.
1477 2552 1665 2639 Quid
1704 2557 1960 2624 eternis
2002 2557 2335 2620 minorem

1105 2661 1414 2729 Consiliis
1463 2667 1767 2728 animum
1818 2667 2051 2752 fatiges
2082 2665 2113 2727 ἲ

939 2827 1078 2896 Cur
1125 2852 1262 2896 non
1309 2827 1432 2894 sub
1481 2825 1608 2894 elta
1655 2829 1757 2894 vel
1798 2828 2097 2917 platano,
2138 2827 2241 2898 vel
2288 2829 2415 2894 hac

929 2937 1100 3004 Pinu
1139 2937 1422 3024 jacentes
1473 2939 1568 3004 sic
1613 2953 1896 3022 temere,
1954 2954 2018 3003 et
2060 2961 2207 3004 rosa

1203 3045 1419 3112 Canos
1477 3045 1735 3111 odorati
1784 3045 2057 3134 capillos
2076 3097 2097 3132 ,

1105 3157 1288 3224 Dum
1330 3154 1528 3238 licet,
1572 3155 1967 3243 Assyriaque
2016 3156 2227 3224 nardo

930 3321 1238 3388 Potamus
1289 3321 1526 3386 uncti?
1562 3323 1851 3410 Dissipat
1884 3323 2082 3389 Evius

940 3431 1147 3498 Cures
1195 3430 1464 3496 edaces:
1519 3435 1667 3518 quis
1716 3456 1884 3520 puer
1932 3455 2137 3520 ocyus

1200 3541 1582 3631 Restinguet
1637 3543 1924 3612 ardentis
1970 3543 2228 3610 Falerni

1121 3649 1364 3718 Pocula
1381 3699 1402 3734 ,
1447 3669 1873 3739 pretereunte
1919 3653 2199 3741 lympha
2220 3653 2253 3717 i·

937 3813 1107 3898 Quis
1143 3815 1408 3882 devium
1461 3834 1752 3884 scortum
1799 3817 2010 3884 eliciet
2052 3820 2251 3886 domo

935 3921 1214 4012 Lyden?
1261 3925 1550 4010 eburna,
1606 3929 1716 3994 dic
1766 3951 1928 4019 age,
1982 3953 2139 3996 cum
2179 3929 2326 4016 lyra

1161 4033 1481 4121 Maturet,
1531 4039 1603 4101 in
1656 4054 1949 4104 comtum
1974 4089 1995 4124 ,
2033 4039 2325 4106 Lacaenae

1112 4143 1298 4212 More
1318 4193 1341 4231 ,
1398 4169 1659 4214 comam
1712 4146 1981 4240 religata
2020 4149 2290 4216 nodum·

2848 2461 2929 2508 10

2840 3669 2927 3718 20
