3300 5042
814 517 945 584 126
1444 539 1611 586 Lu.
1662 539 1724 600 1,
1793 535 1964 586 01>ss
2015 538 2238 586 1111.

1480 828 1760 914 ODE
1850 826 2192 915 XXII.

1216 1079 1348 1147 AD
1412 1078 1941 1146 ARISTIUM
2007 1073 2452 1147 FUSCUM.

975 1345 1281 1412 In'rssonn
1328 1345 1477 1411 vitae
1516 1344 1900 1430 scelerisque
1951 1367 2158 1433 purus

974 1453 1127 1520 Non
1162 1469 1305 1540 eget
1346 1451 1595 1518 Mauris
1638 1451 1908 1538 jaculis,
1955 1473 2166 1536 neque
2213 1470 2412 1530 areu,

974 1543 1110 1628 Nec
1160 1563 1489 1625 venenatis
1540 1560 1808 1648 gravida
1859 1561 2106 1648 sagittis
2133 1605 2156 1642 ,

1148 1666 1350 1733 Fusce
1370 1715 1391 1749 ‚
1432 1665 1772 1756 pharetra:

972 1831 1121 1898 Sive
1176 1854 1295 1920 per
1338 1833 1557 1918 Syrtes
1608 1837 1732 1900 iter
1773 1851 2072 1900 aestuosas
2091 1879 2113 1914 ,

972 1942 1123 2008 Sive
1180 1945 1469 2010 facturus
1512 1967 1629 2032 per
1677 1943 2140 2032 inhospitalem

972 2048 1339 2116 Caucasum
1360 2097 1380 2134 ,
1430 2049 1533 2119 vel
1578 2073 1726 2138 quae
1775 2050 1921 2116 loca
1967 2049 2302 2116 fabulosus

1146 2155 1411 2220 Lambit
1456 2155 1818 2244 Hydaspes.

972 2322 1271 2410 Namque
1311 2345 1417 2388 me
1459 2323 1619 2390 silva
1663 2323 1859 2410 lupus
1907 2325 1980 2389 in
2026 2321 2312 2406 Sabina,

970 2431 1149 2496 Dum
1195 2451 1411 2494 meam
1450 2445 1643 2494 canto
1693 2427 2014 2516 Lalagen,
2065 2443 2130 2492 et
2167 2427 2336 2494 ultra

967 2532 1361 2598 Terminum
1416 2535 1591 2599 curis
1642 2555 1847 2622 vagor
1897 2533 2269 2620 expeditus,

1154 2640 1347 2728 Fugit
1400 2643 1768 2705 inermem:

968 2799 1184 2883 Quale
1226 2817 1601 2888 portentum
1638 2823 1851 2888 neque
1897 2801 2198 2868 militaris

962 2911 1256 2976 Daunias
1300 2908 1443 2974 latis
1486 2909 1601 2973 alit
1653 2908 1985 2991 esculetis‚

961 3015 1099 3082 Nec
1144 3014 1333 3081 Jubae
1390 3013 1575 3081 tellus
1624 3032 1929 3106 generat,
1974 3015 2244 3082 leonum

1146 3125 1351 3191 Arida
1402 3127 1642 3190 nutrix.

963 3291 1141 3356 Pone
1181 3313 1287 3353 me
1336 3291 1543 3378 pigris
1588 3287 1704 3353 ubi
1751 3289 1934 3356 nulla
1982 3295 2231 3380 campis

960 3399 1179 3466 Arbor
1220 3402 1439 3466 aestivn
1492 3415 1824 3466 recreatur
1859 3423 2018 3466 aura
2039 3449 2060 3484 ‚

956 3509 1158 3595 Quod
1203 3510 1371 3575 latus
1412 3511 1649 3574 muudi
1713 3511 1969 3578 nebulae
2014 3509 2352 3598 malusque

1140 3619 1398 3708 Jupiter
1448 3633 1634 3706 urget
1667 3645 1684 3683 ε

954 3787 1133 3853 Pone
1182 3786 1303 3852 sub
1352 3810 1551 3852 curru
1599 3789 1884 3852 nimium
1935 3787 2296 3875 propinqui

960 3893 1129 3960 Solis
1154 3943 1175 3976 ,
1218 3898 1288 3960 in
1340 3911 1507 3959 terra
1546 3895 1854 3961 domibus
1894 3912 2169 3983 negata:

956 4003 1165 4072 Dulce
1210 4005 1533 4068 ridentem
1580 4003 1869 4094 Lalagen
1923 4003 2208 4091 amabo,

1140 4116 1349 4186 Dulce
1400 4114 1794 4203 loquentem.

2791 3017 2871 3084 15

2791 3642 2882 3688 20
