<?xml version="1.0" encoding="UTF-8"?>
<!DOCTYPE html PUBLIC "-//W3C//DTD XHTML 1.0 Transitional//EN"
    "http://www.w3.org/TR/xhtml1/DTD/xhtml1-transitional.dtd">
<html xmlns="http://www.w3.org/1999/xhtml" xml:lang="en" lang="en">
 <head>
  <title>
</title>
<meta http-equiv="Content-Type" content="text/html;charset=utf-8" />
  <meta name='ocr-system' content='tesseract 3.04.00' />
  <meta name='ocr-capabilities' content='ocr_page ocr_carea ocr_par ocr_line ocrx_word'/>
</head>
<body>
  <div class='ocr_page' id='page_1' title='image "./qhoratiiflaccic00vandgoog_0068.png"; bbox 0 0 3300 5042; ppageno 0'>
   <div class='ocr_carea' id='block_1_1' title="bbox 749 477 2126 580">
    <p class='ocr_par' dir='ltr' id='par_1_1' title="bbox 749 477 2126 580">
     <span class='ocr_line' id='line_1_1' title="bbox 749 477 2126 580; baseline -0.001 -22"><span class='ocrx_word' id='word_1_1' title='bbox 749 477 854 580; x_wconf 77' lang='lat' dir='ltr'><strong>lvj</strong></span> <span class='ocrx_word' id='word_1_2' title='bbox 1443 505 1836 556; x_wconf 60' lang='lat' dir='ltr'><strong>norunt</strong></span> <span class='ocrx_word' id='word_1_3' title='bbox 1900 505 2126 556; x_wconf 66' lang='lat' dir='ltr'><strong>vta-A.</strong></span> 
     </span>
    </p>
   </div>
   <div class='ocr_carea' id='block_1_2' title="bbox 753 612 2837 2218">
    <p class='ocr_par' dir='ltr' id='par_1_2' title="bbox 753 612 2837 2218">
     <span class='ocr_line' id='line_1_2' title="bbox 753 612 2823 706; baseline -0.001 -26"><span class='ocrx_word' id='word_1_4' title='bbox 753 615 1042 702; x_wconf 78' lang='lat' dir='ltr'><strong>repertis.</strong></span> <span class='ocrx_word' id='word_1_5' title='bbox 1089 613 1176 702; x_wconf 65' lang='lat'><strong>(⁸)</strong></span> <span class='ocrx_word' id='word_1_6' title='bbox 1213 613 1566 682; x_wconf 79' lang='lat' dir='ltr'>Sciendum</span> <span class='ocrx_word' id='word_1_7' title='bbox 1606 617 1786 705; x_wconf 92' lang='lat' dir='ltr'><strong>quod</strong></span> <span class='ocrx_word' id='word_1_8' title='bbox 1828 616 1955 682; x_wconf 90' lang='lat' dir='ltr'><strong>hoc</strong></span> <span class='ocrx_word' id='word_1_9' title='bbox 1996 640 2162 706; x_wconf 80' lang='lat' dir='ltr'><strong>opus</strong></span> <span class='ocrx_word' id='word_1_10' title='bbox 2206 615 2431 683; x_wconf 87' lang='lat' dir='ltr'><strong>Oracii</strong></span> <span class='ocrx_word' id='word_1_11' title='bbox 2486 612 2823 704; x_wconf 79' lang='lat' dir='ltr'><strong>singulare</strong></span> 
     </span>
     <span class='ocr_line' id='line_1_3' title="bbox 755 721 2821 812; baseline 0 -27"><span class='ocrx_word' id='word_1_12' title='bbox 755 721 925 805; x_wconf 78' lang='lat' dir='ltr'><strong>fuit,</strong></span> <span class='ocrx_word' id='word_1_13' title='bbox 963 723 1148 809; x_wconf 28' lang='lat' dir='ltr'><strong>quod·</strong></span> <span class='ocrx_word' id='word_1_14' title='bbox 1193 723 1392 810; x_wconf 80' lang='lat' dir='ltr'><strong>hujus</strong></span> <span class='ocrx_word' id='word_1_15' title='bbox 1414 726 1739 791; x_wconf 76' lang='lat' dir='ltr'><strong>varietatis</strong></span> <span class='ocrx_word' id='word_1_16' title='bbox 1782 728 2037 812; x_wconf 80' lang='lat' dir='ltr'><strong>primus</strong></span> <span class='ocrx_word' id='word_1_17' title='bbox 2084 725 2427 792; x_wconf 75' lang='lat' dir='ltr'><strong>translator</strong></span> <span class='ocrx_word' id='word_1_18' title='bbox 2470 727 2599 796; x_wconf 76' lang='lat' dir='ltr'><strong>fuit</strong></span> <span class='ocrx_word' id='word_1_19' title='bbox 2642 721 2821 812; x_wconf 82' lang='lat' dir='ltr'><strong>apud</strong></span> 
     </span>
     <span class='ocr_line' id='line_1_4' title="bbox 753 829 2823 921; baseline 0 -25"><span class='ocrx_word' id='word_1_20' title='bbox 753 829 1042 897; x_wconf 73' lang='lat' dir='ltr'><strong>Latinos.</strong></span> <span class='ocrx_word' id='word_1_21' title='bbox 1079 834 1422 900; x_wconf 74' lang='lat' dir='ltr'><strong>Sermones</strong></span> <span class='ocrx_word' id='word_1_22' title='bbox 1449 857 1602 900; x_wconf 86' lang='lat' dir='ltr'><strong>vero</strong></span> <span class='ocrx_word' id='word_1_23' title='bbox 1629 851 1692 898; x_wconf 87' lang='lat' dir='ltr'><strong>et</strong></span> <span class='ocrx_word' id='word_1_24' title='bbox 1713 833 2011 921; x_wconf 71' lang='lat' dir='ltr'><strong>epistolas</strong></span> <span class='ocrx_word' id='word_1_25' title='bbox 2037 851 2099 900; x_wconf 81' lang='lat' dir='ltr'><strong>et</strong></span> <span class='ocrx_word' id='word_1_26' title='bbox 2126 833 2237 899; x_wconf 86' lang='lat' dir='ltr'><strong>alii</strong></span> <span class='ocrx_word' id='word_1_27' title='bbox 2262 853 2408 900; x_wconf 85' lang='lat' dir='ltr'><strong>ante</strong></span> <span class='ocrx_word' id='word_1_28' title='bbox 2434 857 2587 898; x_wconf 86' lang='lat' dir='ltr'><strong>eum</strong></span> <span class='ocrx_word' id='word_1_29' title='bbox 2614 835 2823 918; x_wconf 86' lang='lat' dir='ltr'><strong>scrip-</strong></span> 
     </span>
     <span class='ocr_line' id='line_1_5' title="bbox 757 941 2823 1030; baseline -0 -26"><span class='ocrx_word' id='word_1_30' title='bbox 757 956 999 1005; x_wconf 78' lang='lat' dir='ltr'><strong>serunt.</strong></span> <span class='ocrx_word' id='word_1_31' title='bbox 1011 941 1436 1008; x_wconf 84' lang='lat' dir='ltr'><strong>Intitulantur</strong></span> <span class='ocrx_word' id='word_1_32' title='bbox 1461 957 1676 1008; x_wconf 87' lang='lat' dir='ltr'><strong>autem</strong></span> <span class='ocrx_word' id='word_1_33' title='bbox 1702 945 1807 1008; x_wconf 85' lang='lat' dir='ltr'><strong>isti</strong></span> <span class='ocrx_word' id='word_1_34' title='bbox 1834 958 2115 1030; x_wconf 85' lang='lat' dir='ltr'><strong>quatuor</strong></span> <span class='ocrx_word' id='word_1_35' title='bbox 2134 941 2291 1008; x_wconf 82' lang='lat' dir='ltr'><strong>libri</strong></span> <span class='ocrx_word' id='word_1_36' title='bbox 2309 943 2395 1029; x_wconf 63' lang='lat'><strong>(⁸)</strong></span> <span class='ocrx_word' id='word_1_37' title='bbox 2424 943 2823 1020; x_wconf 76' lang='lat' dir='ltr'><strong>carminum,</strong></span> 
     </span>
     <span class='ocr_line' id='line_1_6' title="bbox 757 1048 2819 1138; baseline -0 -24"><span class='ocrx_word' id='word_1_38' title='bbox 757 1048 831 1114; x_wconf 85' lang='lat' dir='ltr'><strong>id</strong></span> <span class='ocrx_word' id='word_1_39' title='bbox 877 1067 970 1116; x_wconf 87' lang='lat' dir='ltr'><strong>est</strong></span> <span class='ocrx_word' id='word_1_40' title='bbox 1005 1049 1320 1135; x_wconf 84' lang='lat' dir='ltr'><strong>laudum,</strong></span> <span class='ocrx_word' id='word_1_41' title='bbox 1379 1074 1514 1117; x_wconf 89' lang='lat' dir='ltr'><strong>non</strong></span> <span class='ocrx_word' id='word_1_42' title='bbox 1554 1053 1734 1138; x_wconf 90' lang='lat' dir='ltr'><strong>quod</strong></span> <span class='ocrx_word' id='word_1_43' title='bbox 1778 1051 2022 1138; x_wconf 87' lang='lat' dir='ltr'><strong>ubique</strong></span> <span class='ocrx_word' id='word_1_44' title='bbox 2064 1052 2289 1120; x_wconf 75' lang='lat' dir='ltr'><strong>laudes</strong></span> <span class='ocrx_word' id='word_1_45' title='bbox 2327 1055 2819 1136; x_wconf 72' lang='lat' dir='ltr'><strong>contineantur,</strong></span> 
     </span>
     <span class='ocr_line' id='line_1_7' title="bbox 756 1158 2823 1248; baseline -0.001 -25"><span class='ocrx_word' id='word_1_46' title='bbox 756 1158 870 1223; x_wconf 77' lang='lat' dir='ltr'><strong>sed</strong></span> <span class='ocrx_word' id='word_1_47' title='bbox 915 1159 1000 1222; x_wconf 83' lang='lat' dir='ltr'><strong>ab</strong></span> <span class='ocrx_word' id='word_1_48' title='bbox 1035 1159 1400 1226; x_wconf 82' lang='lat' dir='ltr'><strong>honestiore</strong></span> <span class='ocrx_word' id='word_1_49' title='bbox 1439 1177 1622 1248; x_wconf 86' lang='lat' dir='ltr'><strong>parte</strong></span> <span class='ocrx_word' id='word_1_50' title='bbox 1660 1161 2055 1230; x_wconf 81' lang='lat' dir='ltr'><strong>vocabulum</strong></span> <span class='ocrx_word' id='word_1_51' title='bbox 2084 1179 2433 1227; x_wconf 83' lang='lat' dir='ltr'><strong>traxerunt.</strong></span> <span class='ocrx_word' id='word_1_52' title='bbox 2463 1163 2725 1228; x_wconf 85' lang='lat' dir='ltr'><strong>Dicitur</strong></span> <span class='ocrx_word' id='word_1_53' title='bbox 2760 1171 2823 1220; x_wconf 85' lang='lat' dir='ltr'><strong>et</strong></span> 
     </span>
     <span class='ocr_line' id='line_1_8' title="bbox 759 1263 2826 1356; baseline 0 -26"><span class='ocrx_word' id='word_1_54' title='bbox 759 1263 887 1331; x_wconf 91' lang='lat' dir='ltr'><strong>hoc</strong></span> <span class='ocrx_word' id='word_1_55' title='bbox 913 1291 1076 1356; x_wconf 75' lang='lat' dir='ltr'><strong>opus</strong></span> <span class='ocrx_word' id='word_1_56' title='bbox 1103 1267 1388 1355; x_wconf 83' lang='lat' dir='ltr'><strong>lyricum</strong></span> <span class='ocrx_word' id='word_1_57' title='bbox 1407 1273 1466 1356; x_wconf 92' lang='lat'><strong>(1</strong></span> <span class='ocrx_word' id='word_1_58' title='bbox 1481 1270 1544 1355; x_wconf 82' lang='lat'><strong>2)</strong></span> <span class='ocrx_word' id='word_1_59' title='bbox 1563 1315 1580 1332; x_wconf 91' lang='lat'><strong>.</strong></span> <span class='ocrx_word' id='word_1_60' title='bbox 1597 1317 1612 1333; x_wconf 93' lang='lat'><strong><em>.</em></strong></span> <span class='ocrx_word' id='word_1_61' title='bbox 1630 1315 1677 1334; x_wconf 87' lang='lat'><strong>..</strong></span> <span class='ocrx_word' id='word_1_62' title='bbox 1706 1271 1779 1342; x_wconf 83' lang='lat' dir='ltr'><strong>id</strong></span> <span class='ocrx_word' id='word_1_63' title='bbox 1800 1287 1891 1338; x_wconf 80' lang='lat' dir='ltr'><strong>est</strong></span> <span class='ocrx_word' id='word_1_64' title='bbox 1914 1273 2233 1344; x_wconf 74' lang='lat' dir='ltr'><strong>varietate.</strong></span> <span class='ocrx_word' id='word_1_65' title='bbox 2248 1271 2584 1340; x_wconf 80' lang='lat' dir='ltr'><strong>Vocantur</strong></span> <span class='ocrx_word' id='word_1_66' title='bbox 2602 1285 2664 1334; x_wconf 89' lang='lat' dir='ltr'><strong>et</strong></span> <span class='ocrx_word' id='word_1_67' title='bbox 2690 1269 2826 1333; x_wconf 80' lang='lat' dir='ltr'><strong>sin-</strong></span> 
     </span>
     <span class='ocr_line' id='line_1_9' title="bbox 761 1370 2825 1464; baseline 0 -28"><span class='ocrx_word' id='word_1_68' title='bbox 761 1370 936 1458; x_wconf 80' lang='lat' dir='ltr'><strong>gulae</strong></span> <span class='ocrx_word' id='word_1_69' title='bbox 968 1374 1413 1442; x_wconf 77' lang='lat' dir='ltr'><strong>distinctiones</strong></span> <span class='ocrx_word' id='word_1_70' title='bbox 1463 1377 1550 1464; x_wconf 63' lang='lat'><strong>(⁸)</strong></span> <span class='ocrx_word' id='word_1_71' title='bbox 1592 1377 1780 1462; x_wconf 86' lang='lat' dir='ltr'><strong>Ode,</strong></span> <span class='ocrx_word' id='word_1_72' title='bbox 1844 1377 1915 1442; x_wconf 84' lang='lat' dir='ltr'><strong>id</strong></span> <span class='ocrx_word' id='word_1_73' title='bbox 1950 1393 2043 1442; x_wconf 78' lang='lat' dir='ltr'><strong>est</strong></span> <span class='ocrx_word' id='word_1_74' title='bbox 2090 1375 2325 1460; x_wconf 85' lang='lat' dir='ltr'><strong>laude,</strong></span> <span class='ocrx_word' id='word_1_75' title='bbox 2372 1400 2509 1443; x_wconf 90' lang='lat' dir='ltr'><strong>non</strong></span> <span class='ocrx_word' id='word_1_76' title='bbox 2537 1373 2715 1462; x_wconf 88' lang='lat' dir='ltr'><strong>quod</strong></span> <span class='ocrx_word' id='word_1_77' title='bbox 2750 1375 2825 1437; x_wconf 91' lang='lat' dir='ltr'><strong>in</strong></span> 
     </span>
     <span class='ocr_line' id='line_1_10' title="bbox 759 1481 2821 1574; baseline 0 -24"><span class='ocrx_word' id='word_1_78' title='bbox 759 1482 1034 1570; x_wconf 78' lang='lat' dir='ltr'><strong>singulis</strong></span> <span class='ocrx_word' id='word_1_79' title='bbox 1059 1481 1200 1550; x_wconf 84' lang='lat' dir='ltr'><strong>laus</strong></span> <span class='ocrx_word' id='word_1_80' title='bbox 1230 1483 1548 1552; x_wconf 82' lang='lat' dir='ltr'><strong>habeatur</strong></span> <span class='ocrx_word' id='word_1_81' title='bbox 1563 1533 1584 1567; x_wconf 90' lang='lat'><strong>‚</strong></span> <span class='ocrx_word' id='word_1_82' title='bbox 1611 1486 1721 1552; x_wconf 76' lang='lat' dir='ltr'><strong>aed</strong></span> <span class='ocrx_word' id='word_1_83' title='bbox 1747 1509 1786 1550; x_wconf 83' lang='lat' dir='ltr'><strong>a</strong></span> <span class='ocrx_word' id='word_1_84' title='bbox 1810 1486 2113 1574; x_wconf 76' lang='lat' dir='ltr'><strong>digniore</strong></span> <span class='ocrx_word' id='word_1_85' title='bbox 2138 1501 2320 1573; x_wconf 85' lang='lat' dir='ltr'><strong>parte</strong></span> <span class='ocrx_word' id='word_1_86' title='bbox 2344 1507 2585 1550; x_wconf 88' lang='lat' dir='ltr'><strong>nomen</strong></span> <span class='ocrx_word' id='word_1_87' title='bbox 2608 1504 2821 1568; x_wconf 77' lang='lat' dir='ltr'><strong>sump-</strong></span> 
     </span>
     <span class='ocr_line' id='line_1_11' title="bbox 757 1591 2829 1682; baseline -0.002 -24"><span class='ocrx_word' id='word_1_88' title='bbox 757 1609 998 1658; x_wconf 77' lang='lat' dir='ltr'><strong>serunt.</strong></span> <span class='ocrx_word' id='word_1_89' title='bbox 1044 1593 1316 1682; x_wconf 85' lang='lat' dir='ltr'><strong>Scripsit</strong></span> <span class='ocrx_word' id='word_1_90' title='bbox 1345 1609 1562 1658; x_wconf 88' lang='lat' dir='ltr'><strong>autem</strong></span> <span class='ocrx_word' id='word_1_91' title='bbox 1596 1593 1799 1660; x_wconf 74' lang='lat' dir='ltr'><strong>libros</strong></span> <span class='ocrx_word' id='word_1_92' title='bbox 1826 1611 2107 1681; x_wconf 85' lang='lat' dir='ltr'><strong>quatuor</strong></span> <span class='ocrx_word' id='word_1_93' title='bbox 2140 1595 2510 1660; x_wconf 82' lang='lat' dir='ltr'><strong>carminum</strong></span> <span class='ocrx_word' id='word_1_94' title='bbox 2552 1607 2617 1656; x_wconf 87' lang='lat' dir='ltr'><strong>et</strong></span> <span class='ocrx_word' id='word_1_95' title='bbox 2654 1591 2829 1676; x_wconf 68' lang='lat' dir='ltr'><strong>Epor</strong></span> 
     </span>
     <span class='ocr_line' id='line_1_12' title="bbox 758 1697 2827 1786; baseline 0 -25"><span class='ocrx_word' id='word_1_96' title='bbox 758 1699 890 1764; x_wconf 88' lang='lat' dir='ltr'><strong>don</strong></span> <span class='ocrx_word' id='word_1_97' title='bbox 922 1702 980 1784; x_wconf 83' lang='grc' dir='ltr'><strong>(ι</strong></span> <span class='ocrx_word' id='word_1_98' title='bbox 995 1697 1059 1784; x_wconf 84' lang='grc'><strong>3)</strong></span> <span class='ocrx_word' id='word_1_99' title='bbox 1066 1744 1224 1764; x_wconf 91' lang='grc'><strong>.....</strong></span> <span class='ocrx_word' id='word_1_100' title='bbox 1257 1723 1466 1770; x_wconf 87' lang='lat' dir='ltr'><strong>unum</strong></span> <span class='ocrx_word' id='word_1_101' title='bbox 1487 1749 1510 1783; x_wconf 91' lang='lat'>,</span> <span class='ocrx_word' id='word_1_102' title='bbox 1549 1701 1855 1768; x_wconf 61' lang='lat' dir='ltr'><strong>saeculare</strong></span> <span class='ocrx_word' id='word_1_103' title='bbox 1892 1699 2173 1768; x_wconf 85' lang='lat' dir='ltr'><strong>Carmen</strong></span> <span class='ocrx_word' id='word_1_104' title='bbox 2194 1749 2215 1786; x_wconf 90' lang='lat'><strong><em>,</em></strong></span> <span class='ocrx_word' id='word_1_105' title='bbox 2254 1701 2335 1766; x_wconf 86' lang='lat' dir='ltr'><strong>de</strong></span> <span class='ocrx_word' id='word_1_106' title='bbox 2374 1699 2530 1766; x_wconf 82' lang='lat' dir='ltr'><strong>Arte</strong></span> <span class='ocrx_word' id='word_1_107' title='bbox 2570 1699 2827 1786; x_wconf 86' lang='lat' dir='ltr'><strong>poetica</strong></span> 
     </span>
     <span class='ocr_line' id='line_1_13' title="bbox 759 1807 2827 1897; baseline -0.002 -25"><span class='ocrx_word' id='word_1_108' title='bbox 759 1807 1008 1872; x_wconf 78' lang='lat' dir='ltr'><strong>librum</strong></span> <span class='ocrx_word' id='word_1_109' title='bbox 1039 1831 1246 1872; x_wconf 90' lang='lat' dir='ltr'><strong>unum</strong></span> <span class='ocrx_word' id='word_1_110' title='bbox 1264 1857 1286 1890; x_wconf 91' lang='lat'>,</span> <span class='ocrx_word' id='word_1_111' title='bbox 1312 1809 1703 1876; x_wconf 82' lang='lat' dir='ltr'><strong>Sermonum</strong></span> <span class='ocrx_word' id='word_1_112' title='bbox 1731 1808 1935 1876; x_wconf 80' lang='lat' dir='ltr'><strong>libros</strong></span> <span class='ocrx_word' id='word_1_113' title='bbox 1962 1811 2162 1892; x_wconf 83' lang='lat' dir='ltr'><strong>duos,</strong></span> <span class='ocrx_word' id='word_1_114' title='bbox 2196 1809 2639 1897; x_wconf 78' lang='lat' dir='ltr'><strong>Epistolarum</strong></span> <span class='ocrx_word' id='word_1_115' title='bbox 2672 1827 2827 1892; x_wconf 89' lang='lat' dir='ltr'><strong>quo·</strong></span> 
     </span>
     <span class='ocr_line' id='line_1_14' title="bbox 765 1914 2829 2007; baseline -0.001 -28"><span class='ocrx_word' id='word_1_116' title='bbox 765 1939 893 2002; x_wconf 87' lang='lat' dir='ltr'><strong>que</strong></span> <span class='ocrx_word' id='word_1_117' title='bbox 907 1915 1088 1980; x_wconf 86' lang='lat' dir='ltr'><strong>duos.</strong></span> <span class='ocrx_word' id='word_1_118' title='bbox 1105 1915 1540 1982; x_wconf 86' lang='lat' dir='ltr'><strong>Commentati</strong></span> <span class='ocrx_word' id='word_1_119' title='bbox 1565 1937 1714 1984; x_wconf 75' lang='lat' dir='ltr'><strong>sunt</strong></span> <span class='ocrx_word' id='word_1_120' title='bbox 1736 1921 1805 1984; x_wconf 87' lang='lat' dir='ltr'><strong>in</strong></span> <span class='ocrx_word' id='word_1_121' title='bbox 1822 1918 2007 1990; x_wconf 83' lang='lat' dir='ltr'><strong>illum</strong></span> <span class='ocrx_word' id='word_1_122' title='bbox 2032 1917 2455 2007; x_wconf 85' lang='lat' dir='ltr'><strong>Porpbirion,</strong></span> <span class='ocrx_word' id='word_1_123' title='bbox 2476 1914 2829 1993; x_wconf 67' lang='lat' dir='ltr'><strong>Modestus,</strong></span> 
     </span>
     <span class='ocr_line' id='line_1_15' title="bbox 761 2021 2837 2110; baseline 0.003 -25"><span class='ocrx_word' id='word_1_124' title='bbox 761 2040 823 2086; x_wconf 79' lang='lat' dir='ltr'><strong>et</strong></span> <span class='ocrx_word' id='word_1_125' title='bbox 851 2021 986 2108; x_wconf 74' lang='lat'>(14)</span> <span class='ocrx_word' id='word_1_126' title='bbox 1003 2024 1296 2106; x_wconf 84' lang='lat' dir='ltr'><strong>Elenius,</strong></span> <span class='ocrx_word' id='word_1_127' title='bbox 1319 2041 1382 2090; x_wconf 88' lang='lat' dir='ltr'><strong>et</strong></span> <span class='ocrx_word' id='word_1_128' title='bbox 1409 2025 1650 2090; x_wconf 83' lang='lat' dir='ltr'><strong>Acron.</strong></span> <span class='ocrx_word' id='word_1_129' title='bbox 1694 2025 1929 2094; x_wconf 84' lang='lat' dir='ltr'><strong>Melius</strong></span> <span class='ocrx_word' id='word_1_130' title='bbox 1954 2044 2173 2094; x_wconf 81' lang='lat' dir='ltr'><strong>tamen</strong></span> <span class='ocrx_word' id='word_1_131' title='bbox 2220 2024 2561 2110; x_wconf 75' lang='lat' dir='ltr'><strong>omnibus,</strong></span> <span class='ocrx_word' id='word_1_132' title='bbox 2594 2038 2664 2090; x_wconf 87' lang='lat' dir='ltr'><strong>ut</strong></span> <span class='ocrx_word' id='word_1_133' title='bbox 2699 2037 2837 2092; x_wconf 61' lang='lat' dir='ltr'><strong>tra-.-</strong></span> 
     </span>
     <span class='ocr_line' id='line_1_16' title="bbox 765 2131 1859 2218; baseline 0.007 -24"><span class='ocrx_word' id='word_1_134' title='bbox 765 2131 968 2218; x_wconf 85' lang='lat' dir='ltr'><strong>ditur,</strong></span> <span class='ocrx_word' id='word_1_135' title='bbox 999 2133 1220 2202; x_wconf 83' lang='lat' dir='ltr'><strong>Acron</strong></span> <span class='ocrx_word' id='word_1_136' title='bbox 1241 2151 1712 2202; x_wconf 78' lang='lat' dir='ltr'><strong>commentatus</strong></span> <span class='ocrx_word' id='word_1_137' title='bbox 1737 2150 1859 2204; x_wconf 54' lang='lat' dir='ltr'><strong>est„</strong></span> 
     </span>
    </p>
   </div>
  </div>
 </body>
</html>
