3300 5042
640 523 782 612 214
922 521 932 528 ’
1320 549 1489 598 ιιι).
1543 550 1662 618 11,
1725 549 1892 598 one
1943 550 2039 597 11.

1437 837 1714 923 ODE
1807 837 1922 922 ΙΙ.
1983 765 1992 775 ¹

926 1093 1058 1162 ΑΒ
1114 1089 1192 1160 C.
1244 1089 1910 1163 SALLUSTIUM
1961 1093 2440 1166 CRISPUM.

728 1380 1007 1450 Nouus
1044 1399 1315 1474 argento
1360 1383 1543 1450 color
1589 1401 1684 1450 est
1707 1433 1729 1470 ,
1775 1387 1990 1454 avaris

726 1491 974 1558 Abdito
1018 1497 1246 1579 terris,
1300 1497 1574 1560 inimice
1620 1494 1865 1561 lamnae

728 1601 958 1694 Crispe
994 1605 1303 1688 Sallusti,
1353 1609 1481 1672 nisi
1526 1622 1888 1695 temperato

1004 1721 1358 1810 Splendeat
1408 1745 1552 1790 usu.

728 1886 919 1955 Vivet
956 1904 1212 1954 extento
1263 1885 1645 1956 Proculeius
1693 1909 1872 1972 aevo,

726 1994 936 2064 Notus
988 1999 1059 2061 in
1107 1997 1337 2062 fratres
1385 1997 1591 2060 animi
1632 1997 1936 2082 paterni3
1982 1979 1988 1988 ’

704 2097 929 2166 -Illum
970 2116 1118 2186 aget
1158 2121 1377 2188 penna
1425 2115 1751 2165 metuente
1797 2099 1962 2168 solvi

1006 2209 1209 2276 Fama
1248 2226 1589 2298 superstes.

731 2383 957 2448 Latius
1000 2405 1235 2472 regnes
1278 2381 1550 2449 avidum
1599 2381 1935 2448 domando

730 2491 1092 2578 Spiritum,
1136 2513 1339 2578 quam
1382 2493 1436 2558 si
1480 2490 1761 2578 Libyam
1787 2479 2070 2558 'remotis

730 2599 1030 2667 Gadibus
1076 2599 1313 2689 jungas
1337 2651 1359 2684 ,
1401 2615 1463 2665 et
1512 2616 1786 2687 uterque
1829 2600 2072 2667 Poenus

1003 2710 1257 2779 Serviat
1286 2713 1423 2778 uni.

730 2879 982 2948 Crescit
1017 2879 1367 2968 indulgens
1402 2879 1529 2946 sibi
1568 2879 1754 2947 dirus
1799 2879 2095 2967 hydrops
2117 2927 2142 2966 ,

725 2990 866 3057 Nee
896 2991 1073 3055 sitim
1112 2988 1329 3076 pellit,
1378 2991 1507 3054 nisi
1547 3011 1746 3054 causa
1797 2989 2018 3054 morbi

732 3099 1002 3188 Fugerit
1050 3099 1272 3181 venis,
1322 3115 1385 3162 et
1434 3119 1722 3184 aquosus
1778 3097 1931 3163 albo

1014 3205 1309 3296 Corpore
1350 3205 1654 3296 languor.

728 3377 1088 3445 Redditum
1136 3377 1299 3464 Cyri
1346 3374 1512 3443 solio
1551 3373 1880 3442 Phraaten

730 3485 1067 3552 Dissidens
1111 3483 1325 3572 plebi,
1378 3503 1660 3546 numero
1707 3479 2050 3546 beatorum

724 3589 971 3656 Eximit
1012 3592 1233 3658 Virtus
1260 3642 1282 3675 ,
1326 3589 1785 3678 populumque
1824 3585 2002 3653 salsis

1002 3701 1297 3768 Dedecet
1336 3701 1433 3764 uti

724 3869 1059 3956 Vocibus3
1104 3893 1387 3958 regnum
1425 3885 1489 3934 et
1528 3867 1834 3934 diadema
1871 3881 2090 3932 tutum

724 3979 1041 4048 Deferens
1081 3982 1198 4044 uni
1221 4031 1241 4062 ,
1290 3982 1763 4068 propriamque
1802 3977 2106 4063 laurum,

726 4087 1045 4179 Quisquis
1094 4090 1389 4176 ingentes
1434 4088 1630 4154 oculo
1681 4091 1984 4154 irretorto

1000 4199 1265 4290 Spectat
1304 4221 1591 4272 acervos.

2661 2511 2746 2558 10

2661 3095 2742 3164 15

2653 3715 2750 3762 20
