3300 5042
767 506 898 579 282
1357 531 1524 580 mn.
1575 533 1679 595 11,
1744 532 1910 582 on:
1976 535 2152 583 ΧΠ.

1501 822 1763 910 ODE
1842 823 2101 907 XVI.

1389 1093 1528 1163 AD
1598 1096 2214 1166 GROSPHUM.

771 1360 1020 1426 OTIUM
1065 1349 1267 1428 Divos
1309 1379 1496 1451 rogat
1545 1367 1616 1428 in
1668 1369 1915 1451 patenti

769 1469 1045 1534 Prensus
1087 1473 1327 1557 AEge0‚
1377 1469 1574 1537 simul
1624 1490 1760 1537 atra
1810 1472 2017 1539 nubes

771 1577 1082 1678 Copdidit
1131 1577 1397 1664 lunam,
1445 1603 1657 1668 neque
1706 1598 1879 1646 certa
1927 1580 2179 1672 fulgent

1038 1684 1265 1751 Sidera
1307 1691 1566 1753 nautis:

775 1856 1004 1922 Otium
1057 1855 1226 1920 bello
1279 1859 1520 1923 furiosa
1559 1857 1865 1942 Thrace,

776 1967 1006 2032 Otium
1049 1965 1228 2029 Medi
1275 1965 1581 2052 pharetra
1617 1968 1877 2053 decori,

777 2070 1110 2159 Grosphe,
1160 2096 1293 2137 non
1338 2078 1615 2162 gemmis
1660 2098 1871 2163 neque
1913 2097 2217 2164 purpura
2263 2095 2378 2142 ve-

1045 2179 1192 2244 nale
1235 2201 1445 2266 neque
1501 2203 1686 2246 auro.

781 2343 930 2409 Non
979 2347 1158 2408 enim
1216 2367 1433 2432 gazae,
1487 2370 1698 2432 neque
1748 2347 2106 2414 consularis

781 2453 1162 2518 Summovet
1207 2453 1401 2519 lictor
1448 2459 1718 2522 miseros
1766 2455 2080 2522 tumultus

781 2561 1066 2644 Mende,
1114 2577 1174 2625 et
1221 2585 1414 2628 curas
1457 2562 1755 2649 laqueata
1790 2567 2047 2631 circum

1051 2669 1254 2734 Tecta
1304 2669 1609 2736 volantes.

786 2842 1048 2908 Vivitur
1085 2863 1288 2927 parvo
1339 2839 1546 2924 bene,
1585 2842 1695 2904 cui
1744 2856 2092 2926 paternum

789 2952 1096 3037 Splendet
1145 2955 1215 3015 in
1259 2975 1481 3018 mensa
1524 2955 1705 3016 tenui
1752 2950 2081 3033 salinum3

787 3059 925 3127 Nec
973 3059 1144 3125 leves
1179 3083 1440 3124 somnos
1487 3063 1687 3124 timor
1740 3077 1850 3124 aut
1896 3058 2141 3145 cupido

1062 3169 1377 3234 Sordidus
1423 3168 1650 3230 aufert.

794 3332 1236 3416 Quidlwevi,
1289 3333 1524 3411 forteS,
1585 3330 1959 3416 jaculamur
1996 3349 2134 3394 aevo

792 3439 1049 3505 Multa?
1093 3439 1256 3522 quid
1305 3453 1502 3500 terras
1551 3436 1681 3500 alio
1729 3436 2011 3506 calentes

795 3547 943 3616 Sole
978 3547 1358 3612 mutamus?
1410 3549 1638 3632 patriae
1676 3549 1824 3631 quis
1866 3543 2017 3610 exul

1062 3655 1143 3720 Se
1183 3677 1442 3740 quoque
1487 3655 1658 3742 fugit
1684 3654 1715 3716 Ρ

801 3803 1068 3869 Scandit
1112 3817 1336 3864 aeratas
1392 3801 1623 3864 vitiosa
1667 3820 1863 3864 naves

800 3912 973 3976 Cura
1000 3959 1024 3993 ,
1069 3933 1190 3975 nec.
1227 3928 1476 3974 turmas
1527 3912 1819 3997 equitum
1864 3905 2212 3994 relinquit,

800 4015 1026 4100 Ocyor
1079 4017 1322 4095 cervis,
1368 4029 1432 4078 et
1477 4031 1706 4102 agente
1741 4011 2007 4080 nimbos

1072 4119 1299 4204 Ocyor
1343 4118 1540 4186 Euro.

2785 2479 2859 2520 10

2798 3055 2876 3124 15

2814 3676 2905 3720 20
