3300 5042
895 543 1034 622 302
1533 580 1701 628 mn.
1754 580 1865 642 11,
1928 581 2111 636 oon,
2146 583 2323 632 111.

1603 863 1865 950 ODE
1949 867 2221 952 XIX.-

1545 1133 1661 1202 IN
1722 1135 2265 1206 BACCHUM.

967 1399 1312 1470 Baccmm
1365 1407 1434 1470 in
1481 1407 1747 1472 remotis
1794 1411 2085 1472 carmina
2130 1407 2405 1496 rupibus

969 1509 1122 1578 Vidi
1166 1503 1547 1596 docentem,
1595 1515 1834 1577 credite
1880 1517 2159 1602 posteri!

1231 1617 1702 1712 Nymphasque
1743 1621 2055 1688 discentes
2100 1641 2163 1687 et
2210 1646 2395 1690 aures

1151 1723 1600 1814 capripedum
1643 1727 2031 1814 Satyrorum
2082 1745 2322 1795 acutas·

963 1889 1187 1959 Evoe!
1235 1895 1480 1957 recenti
1533 1915 1719 1958 mens
1770 1894 2050 1981 trepidat
2084 1913 2261 1962 metu
2280 1943 2303 1980 ,

963 2001 1292 2087 Plenoque
1338 2000 1580 2065 Bacchi
1623 2021 1917 2088 pectore,
1965 2003 2304 2069 turbidum

1229 2109 1529 2174 Laetatur.
1587 2110 1796 2176 Evoe!
1852 2135 2091 2198 parce,
2138 2111 2365 2198 Liber,

1141 2217 1342 2282 Parce
1359 2265 1382 2302 ,
1419 2217 1604 2305 gravi
1641 2219 1983 2284 metuende
2006 2219 2229 2306 thyrso
2252 2223 2291 2290 !.

963 2377 1084 2446 Fas
1135 2382 1508 2467 pervicaces
1557 2396 1650 2445 est
1706 2379 1872 2444 mihi
1920 2380 2273 2466 Thyades,

964 2479 1246 2573 vinique
1287 2489 1577 2571 fontem,
1619 2487 1805 2552 lactis
1850 2504 1911 2552 et
1954 2487 2182 2554 uberes

1233 2595 1516 2663 Cantare
1569 2599 1778 2679 rivos,
1834 2613 2025 2684 atque
2076 2599 2367 2668 truncis,

1139 2707 1352 2794 Lapsa
1387 2707 1563 2772 cavis
1603 2707 1839 2770 iterare
1880 2705 2091 2770 mella.

958 2879 1078 2944 Fas
1107 2895 1168 2942 et
1206 2877 1408 2942 beatae
1450 2877 1751 2965 conjugis
1792 2879 2087 2944 additum

961 2987 1172 3055 stellis
1219 2987 1539 3053 honorem
1557 3036 1582 3063 ,
1621 3005 1917 3075 tectaque
1955 2985 2226 3054 Penthei

1225 3093 1506 3178 Disiecta
1554 3119 1689 3160 non
1736 3094 1869 3159 leni
1912 3097 2143 3174 ruina,

1135 3201 1416 3267 Thracis
1451 3219 1512 3266 et
1551 3205 1825 3268 exitium
1864 3204 2177 3290 Lycurgi.

869 3439 876 3447 ,
959 3368 1068 3431 Tu
1113 3367 1318 3430 flectis
1359 3387 1624 3440 amnes,
1678 3383 1748 3430 tu
1798 3389 1979 3430 mare
2022 3363 2379 3430 barbarum
2405 3392 2425 3430 t

958 3475 1068 3539 Tu
1117 3475 1462 3561 separatis,
1519 3473 1789 3556 uvidus,
1840 3475 1911 3538 in
1960 3473 2134 3562 jugis

1221 3579 1411 3646 Nodo
1459 3601 1716 3646 coerces
1762 3583 2061 3666 viperino

1131 3687 1544 3762 Bistonidum
1563 3738 1584 3771 ,
1625 3691 1764 3753 sine
1810 3689 2076 3771 fraude,
2119 3690 2349 3756 crines.

960 3853 1070 3916 Tu
1117 3875 1270 3916 cum
1319 3851 1610 3915 Parentis
1653 3874 1859 3938 regna
1908 3875 2027 3938 per
2076 3852 2359 3917 arduum

963 3958 1216 4026 Cohors
1266 3961 1608 4046 gigantum
1660 3960 1996 4024 scanderet
2042 3961 2285 4047 impia,

1155 4117 1176 4156 ·.
1218 4067 1531 4135 Rhoetum
1571 4073 1879 4134 retorsisti
1926 4067 2133 4135 leonis

1130 4177 1479 4268 Unguibus
1497 4227 1520 4265 ,
1564 4177 1995 4266 horribilique
2026 4175 2237 4245 mala:

2870 2501 2941 2549 10

2841 3088 2937 3156 .15
