3300 5042
714 522 809 600 9²
1390 527 1563 578 ms.
1616 529 1684 592 1,
1753 527 1924 580 ont
1975 529 2114 579 xv.

1442 789 1727 878 ODE
1837 788 2056 880 XV.

760 1057 1056 1128 NEREI
1100 1061 1688 1132 VATICINIUM
1729 1063 1853 1133 DE
1897 1060 2339 1134 Exclmo
2383 1061 2754 1132 TROJAE.

802 1338 1079 1407 Pas-ron
1122 1365 1277 1408 cum
1326 1343 1609 1410 traheret
1655 1363 1776 1432 per
1807 1346 1973 1419 flecta
1994 1393 2016 1428 ,
2065 1341 2344 1412 navibus

806 1446 995 1512 ldaeis
1021 1498 1041 1530 ,
1074 1449 1389 1516 Helenam
1426 1451 1714 1538 perfidus
1753 1451 2080 1539 hospitam
2104 1501 2126 1536 ,

804 1553 1077 1643 Ingrato
1122 1557 1355 1624 celeres
1392 1558 1613 1624 obruit
1657 1562 1794 1624 otio

894 1665 1133 1731 Ventos
1153 1714 1174 1750 ,
1224 1682 1293 1730 ut
1340 1683 1599 1733 caneret
1655 1669 1794 1732 sera

804 1825 1053 1894 Nereus
1100 1830 1232 1894 fata
1258 1856 1277 1894 z
1310 1859 1339 1892 α
1366 1829 1541 1897 Mala
1586 1830 1774 1896 ducis
1819 1831 1924 1896 avi
1965 1831 2238 1896 domum
2265 1876 2287 1911 ,
2757 1823 2794 1890 5

813 1965 846 1996 α
898 1935 1119 2017 Quam
1168 1938 1377 2004 multo
1418 1956 1662 2027 repetet
1705 1940 1962 2006 Graecia
2003 1939 2208 2004 milite
2239 1987 2260 2024 ,

816 2071 849 2102 α
904 2043 1263 2130 Conjurata
1312 2061 1451 2111 uras
1500 2071 1808 2134 rumpere
1853 2051 2118 2136 nuptias

900 2177 937 2212 a
992 2153 1069 2218 Et
1114 2143 1391 2242 regnum
1436 2156 1686 2223 Priami
1727 2172 1926 2222 vetus.

812 2342 845 2374 α
902 2313 1116 2382 Eheu!
1166 2335 1449 2406 quantus
1494 2323 1720 2406 equis,
1761 2333 2042 2404 quantus
2075 2318 2252 2382 adest
2291 2319 2446 2384 viris

811 2451 844 2482 α
900 2425 1157 2491 Sudor!
1212 2443 1455 2514 quanta
1505 2451 1725 2496 moves
1755 2430 1986 2494 funera
2029 2427 2358 2496 Dardanas
2723 2447 2799 2490 10

813 2561 846 2592 α
898 2532 1143 2600 Genti!
1197 2537 1347 2604 Jam
1398 2537 1651 2626 galeam
1703 2535 1910 2602 Pallas
1957 2553 2020 2601 et
2055 2535 2300 2626 aegida,

914 2677 946 2710 α
1002 2647 1377 2732 Currusque
1420 2662 1481 2710 et
1526 2644 1776 2710 rabiem
1815 2660 2025 2733 parat.

804 2840 837 2872 α
892 2811 1421 2897 Necquicquam,
1448 2809 1718 2877 Veneris
1743 2806 2046 2894 praesidio
2083 2808 2264 2872 ferox
2287 2855 2308 2889 ,

812 2952 844 2985 α
899 2923 1119 2990 Pectes
1167 2924 1497 2988 caesariem
1524 2969 1545 3003 ,
1582 2935 1896 3008 grataque
1941 2920 2204 2983 seminis

814 3063 845 3093 α
900 3030 1161 3096 Imbelli
1201 3028 1452 3094 cithara
1495 3031 1790 3093 carmina
1835 3027 2086 3093 divides
2109 3051 2132 3110 3
2727 3045 2802 3084 ι.)

898 3169 930 3202 α
982 3139 1477 3224 Necquicquam
1512 3135 1803 3200 thalamo
1845 3157 2074 3224 graves

825 3341 858 3373 α
908 3309 1182 3391 Hastas,
1226 3323 1288 3371 et
1330 3305 1565 3370 calami
1602 3303 1855 3392 spicula
1892 3301 2128 3370 Gnosii

823 3449 856 3481 α
910 3418 1161 3486 Vitabis
1188 3463 1209 3500 ,
1252 3417 1761 3501 strepitumque,
1802 3427 1864 3476 et
1913 3411 2190 3477 celerem
2229 3410 2410 3494 sequi

816 3555 851 3588 α
910 3526 1175 3612 Ajacem
1202 3551 1219 3590 ς
1244 3540 1499 3605 tamen,
1531 3521 1697 3586 heu!
1746 3543 1926 3586 serus
1967 3519 2293 3584 adulteros

908 3663 943 3696 α
1000 3633 1230 3702 Crines
1274 3631 1539 3720 pulvere
1589 3627 1876 3696 collines.
1993 3695 2002 3702 ,
2727 3646 2816 3690 ao

814 3837 849 3872 a
903 3805 1055 3875 Non
1094 3803 1517 3884 Laertiaden,
1545 3802 1818 3866 exitium
1867 3814 1998 3862 tuae

814 3945 849 3980 α
906 3913 1170 3994 Gentis,
1226 3933 1359 3976 non
1404 3907 1668 3995 Pylium
1717 3907 1986 3972 Nestora
2031 3903 2352 3991 respicis?

822 4055 858 4090 a:
907 4025 1161 4111 Urgent
1206 4019 1523 4110 impavidi
1568 4035 1631 4084 te
1657 4016 2054 4085 Salaminius

906 4161 943 4196 α
998 4133 1285 4208 Teucer,
1328 4146 1390 4196 te
1432 4124 1777 4198 Sthenelus
1822 4125 2034 4190 sciens
