3300 5042
725 527 896 638 *258
1397 556 1564 606 mn.
1616 558 1722 619 11,
1790 557 1963 609 ont
2010 561 2163 610 vu.

1497 843 1767 928 ODE
1864 848 2078 936 VII.

1369 1111 1512 1180 AD
1575 1111 2191 1182 POMPEIUM.

829 1379 896 1446 Ο
936 1401 1104 1468 saepe
1151 1401 1412 1445 mecum
1469 1397 1729 1470 tempus
1774 1387 1847 1448 in
1902 1383 2218 1450 ultimum

827 1490 1160 1570 Deducte,
1213 1489 1418 1556 Bruto
1468 1489 1723 1557 militiae
1780 1491 1995 1576 duce,

1094 1597 1264 1684 Quis
1313 1617 1373 1664 te
1421 1601 1763 1666 redonavit
1800 1601 2133 1684 Quiritem

1003 1709 1124 1776 Dis
1177 1709 1446 1795 patriis,
1483 1707 1779 1794 Italoque
1823 1707 1991 1772 coelo
2010 1757 2033 1792 ,

825 1881 1140 1966 Pompei,
1183 1903 1484 1946 meorum
1537 1883 1755 1968 prime
1808 1879 2177 1962 sodalium·

827 1985 1000 2052 Cum
1047 2009 1182 2074 quo
1226 2006 1590 2054 morantem
1647 2011 1815 2076 saepe
1863 1989 2041 2054 diem
2079 2011 2267 2056 mero

1091 2097 1314 2186 Fregi,
1369 2115 1717 2163 coronatus
1753 2101 2025 2164 nitentes

1003 2203 1418 2270 malobathro
1466 2205 1663 2292 Syrio
1702 2203 1973 2294 capillos
2001 2207 2033 2268 ἰ’

803 2362 1078 2452 ‘Tecum
1121 2363 1458 2452 Philippos
1492 2381 1556 2430 et
1599 2365 1875 2429 celerem
1924 2366 2155 2452 fugam

825 2469 1053 2556 Sensi,
1090 2470 1318 2536 relicta
1355 2493 1490 2536 non
1531 2469 1701 2536 bene
1734 2471 2039 2560 parmula
2062 2521 2085 2554 ,

1093 2577 1267 2646 Cum
1315 2581 1522 2646 fracta
1573 2583 1779 2648 virtus
1802 2631 1823 2663 ,
1874 2597 1936 2645 et
1979 2583 2267 2646 minaces

997 2688 1224 2777 Turpe
1269 2685 1482 2754 solum
1531 2689 1795 2776 tetigere
1851 2705 2089 2754 mento·

820 2859 950 2924 sed
995 2881 1100 2923 me
1144 2881 1264 2944 per
1309 2857 1526 2924 hostes
1571 2857 1937 2926 Mercurius
1988 2859 2159 2924 celer

826 2965 1044 3033 Denso
1065 3017 1086 3050 ,
1129 2983 1472 3054 paventem
1491 3017 1512 3052 ,
1555 2966 1812 3040 sustulit
1854 2991 1999 3032 aere
2020 2995 2075 3052 3·

1083 3075 1184 3140 Te
1227 3100 1452 3142 rursus
1495 3080 1566 3142 in
1616 3076 1862 3140 bellum
1914 3075 2253 3143 resorbens

998 3183 1194 3250 Unda
1243 3185 1426 3250 fretis
1475 3183 1618 3250 tulit
1662 3186 1968 3252 aeetuoais·

769 3347 994 3436 Ergo
1041 3347 1398 3435 obligatam
1435 3347 1636 3412 redde
1674 3347 1825 3415 ,lovi
1867 3345 2141 3436 dapem,

819 3453 1176 3543 Longaque
1227 3456 1471 3522 sessum
1515 3453 1753 3520 militia
1794 3453 1964 3520 latus

1089 3564 1363 3651 Depone
1411 3563 1534 3629 sub
1567 3562 1760 3628 lauru
1802 3587 1983 3646 mea,
2040 3585 2161 3630 nee

992 3672 1196 3738 Parce
1246 3671 1424 3738 cadis
1473 3672 1592 3736 tibi
1649 3674 1999 3739 destinatis.

818 3835 1159 3904 Oblivioso
1205 3825 1390 3907 [xvia
1413 3839 1695 3906 Massico

819 3945 1087 4011 Ciboria
1137 3947 1328 4037 exple
1349 3999 1370 4032 ,
1423 3941 1624 4015 funde
1684 3948 2038 4036 capacibus

1089 4055 1442 4144 Unguenta
1477 4058 1558 4122 de
1599 4056 1904 4142 conchis3
1946 4059 2094 4145 quis
2144 4057 2273 4126 udo

995 4165 1446 4254 Deproperare
1483 4167 1635 4252 apio
1686 4186 1958 4230 coronas

2734 2493 2811 2538 10

2733 3072 2813 3140 15

2720 3694 2809 3739 20
