3300 5042
703 413 839 506 154
1322 445 1488 496 ιη.
1540 444 1610 504 1,
1679 443 1853 490 onn
1903 444 2138 490 xxiv.

1382 725 1643 810 ODE
1725 725 2092 808 XXIV.

1326 991 1464 1057 AD
1532 989 2160 1058 VIRGILIUM.

799 1257 978 1338 Otus
1025 1257 1341 1324 desiderio
1390 1263 1469 1326 sit
1508 1261 1727 1346 pudor
1771 1275 1878 1323 aut
1929 1261 2162 1326 modus

799 1367 969 1432 Tam
1009 1370 1144 1433 cari
1184 1371 1415 1454 capitis
1442 1371 1471 1430 ?
1515 1369 1804 1453 Praecipe
1853 1367 2168 1454 lugubres

800 1475 1087 1560 Cantus,
1135 1475 1593 1563 Melpomene,
1632 1479 1742 1539 cui
1786 1473 2106 1559 liquidam
2156 1493 2338 1566 pater

1060 1589 1308 1654 Vocem
1350 1613 1502 1656 cum
1554 1587 1802 1652 cithara
1847 1589 2072 1654 dedit!

2757 1753 2796 1820 <a

800 1751 973 1836 Ergo
1016 1749 1419 1832 Quintilium
1458 1767 1808 1837 perpetuus
1858 1773 2054 1837 sopor

802 1859 1051 1944 Urget!
1106 1860 1213 1922 cui
1249 1859 1505 1941 Pudor,
1554 1877 1615 1922 et
1661 1859 1936 1924 Justitiae
1981 1881 2164 1924 soror

806 1965 1197 2054 Incorrupta
1228 1967 1413 2033 Fides
1432 2013 1455 2043 ,
1506 1967 1811 2052 nudaque
1835 1967 2084 2032 Veritas
2107 2017 2128 2048 ‚

1080 2073 1366 2159 Quando
1412 2073 1622 2139 ullum
1669 2077 1954 2142 inveniet
2001 2077 2282 2162 parem?

806 2245 1031 2312 Multis
1078 2244 1187 2312 ille
1238 2246 1427 2312 bonis
1475 2245 1712 2310 flebilis
1756 2246 2046 2326 occidit3

809 2350 991 2416 Nulli
1028 2349 1314 2416 flebilior
1349 2373 1553 2438 quam
1603 2349 1724 2414 tibi
1751 2399 1772 2432 ,
1829 2347 2067 2435 virgili
2097 2349 2113 2411 !
2725 2375 2806 2420 ιο

810 2461 957 2540 Tu,
1002 2462 1241 2527 frustra
1279 2463 1467 2546 pius,
1519 2458 1649 2522 beu
1676 2459 1698 2520 ἓ·
1738 2479 1871 2521 non
1923 2460 2012 2520 itu
2061 2456 2389 2525 creditum

1076 2567 1293 2632 Poscis
1337 2565 1740 2649 Quintilium
1794 2567 1985 2630 Deos.

817 2733 1056 2816 Quid?
1102 2735 1156 2798 si
1207 2733 1525 2804 Threicio
1570 2733 1876 2798 blandius
1920 2731 2200 2820 Orpheo.

814 2842 1131 2906 Auditum
1176 2842 1514 2908 moderere
1564 2841 1911 2910 arboribus
1953 2841 2150 2906 fidem
2175 2891 2200 2924 ,

814 2950 993 3016 Num
1042 2974 1227 3018 vnnae
1273 2952 1492 3016 redeat
1539 2955 1803 3039 sanguis
1853 2953 2170 3038 imagini,
2737 2949 2818 3014 15

1088 3059 1311 3140 Quam
1359 3062 1547 3148 virga
1590 3057 1788 3124 semel
1839 3057 2148 3140 horrida,

820 3219 969 3286 Non
1018 3220 1182 3284 lenis
1234 3220 1541 3308 precibus
1600 3222 1732 3284 fata
1783 3219 2160 3300 recludere,

819 3330 1027 3416 Nigro
1079 3328 1469 3415 compulerit
1520 3329 1889 3394 Mercurius
1941 3328 2186 3414 gregi?

822 3440 1125 3512 Durum!
1170 3439 1281 3503 sed
1321 3438 1527 3506 levius
1567 3439 1638 3503 fit
1677 3439 1988 3525 patientia

1100 3546 1447 3641 Quidquid
1496 3550 1825 3636 corrigere
1865 3561 1958 3612 est
2005 3545 2185 3610 nefas
2213 3546 2232 3616 Ξ,
2739 3568 2830 3614 au
