<?xml version="1.0" encoding="UTF-8"?>
<!DOCTYPE html PUBLIC "-//W3C//DTD XHTML 1.0 Transitional//EN"
    "http://www.w3.org/TR/xhtml1/DTD/xhtml1-transitional.dtd">
<html xmlns="http://www.w3.org/1999/xhtml" xml:lang="en" lang="en">
 <head>
  <title>
</title>
<meta http-equiv="Content-Type" content="text/html;charset=utf-8" />
  <meta name='ocr-system' content='tesseract 3.04.00' />
  <meta name='ocr-capabilities' content='ocr_page ocr_carea ocr_par ocr_line ocrx_word'/>
</head>
<body>
  <div class='ocr_page' id='page_1' title='image "./qhoratiiflaccic00vandgoog_0292.png"; bbox 0 0 3300 5042; ppageno 0'>
   <div class='ocr_carea' id='block_1_1' title="bbox 702 493 2116 582">
    <p class='ocr_par' dir='ltr' id='par_1_1' title="bbox 702 493 2116 582">
     <span class='ocr_line' id='line_1_1' title="bbox 702 493 2116 582; baseline -0.003 -14"><span class='ocrx_word' id='word_1_1' title='bbox 702 493 841 568; x_wconf 78' lang='lat'><strong>218</strong></span> <span class='ocrx_word' id='word_1_2' title='bbox 1360 519 1533 568; x_wconf 71' lang='lat' dir='ltr'><strong>mn.</strong></span> <span class='ocrx_word' id='word_1_3' title='bbox 1584 520 1695 582; x_wconf 90' lang='lat'><strong>11,</strong></span> <span class='ocrx_word' id='word_1_4' title='bbox 1763 518 1932 567; x_wconf 78' lang='lat' dir='ltr'><strong>onn</strong></span> <span class='ocrx_word' id='word_1_5' title='bbox 1981 518 2116 565; x_wconf 85' lang='lat'>111.</span> 
     </span>
    </p>
   </div>
   <div class='ocr_carea' id='block_1_2' title="bbox 1468 807 2004 893">
    <p class='ocr_par' dir='ltr' id='par_1_2' title="bbox 1468 807 2004 893">
     <span class='ocr_line' id='line_1_2' title="bbox 1468 807 2004 893; baseline -0.007 0"><span class='ocrx_word' id='word_1_6' title='bbox 1468 807 1736 893; x_wconf 90' lang='lat' dir='ltr'><strong>ODE</strong></span> <span class='ocrx_word' id='word_1_7' title='bbox 1837 807 2004 890; x_wconf 90' lang='lat'>111.</span> 
     </span>
    </p>
   </div>
   <div class='ocr_carea' id='block_1_3' title="bbox 1400 1019 2066 1132">
    <p class='ocr_par' dir='ltr' id='par_1_3' title="bbox 1400 1019 2066 1132">
     <span class='ocr_line' id='line_1_3' title="bbox 1400 1019 2066 1132; baseline 0 -4"><span class='ocrx_word' id='word_1_8' title='bbox 1400 1019 1529 1130; x_wconf 58' lang='lat' dir='ltr'><strong>An</strong></span> <span class='ocrx_word' id='word_1_9' title='bbox 1592 1055 2066 1132; x_wconf 79' lang='lat' dir='ltr'><strong>DELLIUM.</strong></span> 
     </span>
    </p>
   </div>
   <div class='ocr_carea' id='block_1_4' title="bbox 789 1332 2212 1748">
    <p class='ocr_par' dir='ltr' id='par_1_4' title="bbox 789 1332 2212 1748">
     <span class='ocr_line' id='line_1_4' title="bbox 789 1332 2088 1412; baseline 0.005 -15"><span class='ocrx_word' id='word_1_10' title='bbox 789 1332 1081 1412; x_wconf 73' lang='lat' dir='ltr'><strong>AEQUAM</strong></span> <span class='ocrx_word' id='word_1_11' title='bbox 1126 1349 1456 1401; x_wconf 85' lang='lat' dir='ltr'><strong>memento</strong></span> <span class='ocrx_word' id='word_1_12' title='bbox 1502 1337 1700 1406; x_wconf 87' lang='lat' dir='ltr'><strong>rebus</strong></span> <span class='ocrx_word' id='word_1_13' title='bbox 1743 1342 1816 1404; x_wconf 87' lang='lat' dir='ltr'><strong>in</strong></span> <span class='ocrx_word' id='word_1_14' title='bbox 1867 1339 2088 1404; x_wconf 79' lang='lat' dir='ltr'>arduis</span> 
     </span>
     <span class='ocr_line' id='line_1_5' title="bbox 790 1427 2212 1528; baseline 0.004 -20"><span class='ocrx_word' id='word_1_15' title='bbox 790 1441 1062 1510; x_wconf 74' lang='lat' dir='ltr'><strong>servare</strong></span> <span class='ocrx_word' id='word_1_16' title='bbox 1111 1427 1441 1528; x_wconf 80' lang='lat' dir='ltr'><strong>mentem,</strong></span> <span class='ocrx_word' id='word_1_17' title='bbox 1482 1471 1619 1513; x_wconf 89' lang='lat' dir='ltr'><strong>non</strong></span> <span class='ocrx_word' id='word_1_18' title='bbox 1661 1472 1844 1515; x_wconf 85' lang='lat' dir='ltr'><strong>secus</strong></span> <span class='ocrx_word' id='word_1_19' title='bbox 1893 1452 1964 1513; x_wconf 84' lang='lat' dir='ltr'><strong>in</strong></span> <span class='ocrx_word' id='word_1_20' title='bbox 2017 1447 2212 1513; x_wconf 72' lang='lat' dir='ltr'><strong>honis</strong></span> 
     </span>
     <span class='ocr_line' id='line_1_6' title="bbox 1058 1549 1992 1644; baseline 0.005 -28"><span class='ocrx_word' id='word_1_21' title='bbox 1058 1549 1163 1616; x_wconf 83' lang='lat' dir='ltr'><strong>Ab</strong></span> <span class='ocrx_word' id='word_1_22' title='bbox 1209 1554 1513 1619; x_wconf 81' lang='lat' dir='ltr'><strong>insolenti</strong></span> <span class='ocrx_word' id='word_1_23' title='bbox 1564 1573 1992 1644; x_wconf 81' lang='lat' dir='ltr'><strong>temperatam</strong></span> 
     </span>
     <span class='ocr_line' id='line_1_7' title="bbox 927 1661 1848 1748; baseline 0.008 -23"><span class='ocrx_word' id='word_1_24' title='bbox 927 1661 1179 1727; x_wconf 77' lang='lat' dir='ltr'><strong>Laetitia</strong></span> <span class='ocrx_word' id='word_1_25' title='bbox 1206 1711 1229 1748; x_wconf 85' lang='lat'>‚</span> <span class='ocrx_word' id='word_1_26' title='bbox 1264 1667 1584 1730; x_wconf 87' lang='lat' dir='ltr'><strong>moriture</strong></span> <span class='ocrx_word' id='word_1_27' title='bbox 1630 1665 1848 1736; x_wconf 86' lang='lat' dir='ltr'><strong>Delli:</strong></span> 
     </span>
    </p>
   </div>
   <div class='ocr_carea' id='block_1_5' title="bbox 792 1829 2170 2226">
    <p class='ocr_par' dir='ltr' id='par_1_5' title="bbox 792 1829 2170 2226">
     <span class='ocr_line' id='line_1_8' title="bbox 792 1829 2068 1923; baseline 0.005 -27"><span class='ocrx_word' id='word_1_28' title='bbox 792 1829 924 1896; x_wconf 87' lang='lat' dir='ltr'><strong>seu</strong></span> <span class='ocrx_word' id='word_1_29' title='bbox 952 1847 1218 1898; x_wconf 81' lang='lat' dir='ltr'><strong>moestus</strong></span> <span class='ocrx_word' id='word_1_30' title='bbox 1246 1833 1431 1898; x_wconf 89' lang='lat' dir='ltr'><strong>omni</strong></span> <span class='ocrx_word' id='word_1_31' title='bbox 1459 1848 1754 1923; x_wconf 88' lang='lat' dir='ltr'><strong>tempore</strong></span> <span class='ocrx_word' id='word_1_32' title='bbox 1786 1837 2022 1902; x_wconf 77' lang='lat' dir='ltr'><strong>vixeris</strong></span> <span class='ocrx_word' id='word_1_33' title='bbox 2046 1885 2068 1918; x_wconf 89' lang='lat'>‚</span> 
     </span>
     <span class='ocr_line' id='line_1_9' title="bbox 794 1940 2170 2033; baseline 0.004 -29"><span class='ocrx_word' id='word_1_34' title='bbox 794 1940 926 2005; x_wconf 90' lang='lat' dir='ltr'><strong>Seu</strong></span> <span class='ocrx_word' id='word_1_35' title='bbox 975 1958 1037 2006; x_wconf 86' lang='lat' dir='ltr'><strong>te</strong></span> <span class='ocrx_word' id='word_1_36' title='bbox 1086 1945 1155 2006; x_wconf 90' lang='lat' dir='ltr'><strong>in</strong></span> <span class='ocrx_word' id='word_1_37' title='bbox 1202 1959 1455 2008; x_wconf 87' lang='lat' dir='ltr'><strong>remoto</strong></span> <span class='ocrx_word' id='word_1_38' title='bbox 1484 1949 1830 2032; x_wconf 79' lang='lat' dir='ltr'><strong>gramine,</strong></span> <span class='ocrx_word' id='word_1_39' title='bbox 1881 1969 1999 2033; x_wconf 89' lang='lat' dir='ltr'><strong>per</strong></span> <span class='ocrx_word' id='word_1_40' title='bbox 2031 1945 2170 2010; x_wconf 88' lang='lat' dir='ltr'><strong>dies</strong></span> 
     </span>
     <span class='ocr_line' id='line_1_10' title="bbox 1066 2048 2028 2134; baseline 0.004 -20"><span class='ocrx_word' id='word_1_41' title='bbox 1066 2048 1281 2116; x_wconf 82' lang='lat' dir='ltr'><strong>Festos</strong></span> <span class='ocrx_word' id='word_1_42' title='bbox 1302 2099 1323 2134; x_wconf 92' lang='lat'><strong>,</strong></span> <span class='ocrx_word' id='word_1_43' title='bbox 1380 2051 1772 2118; x_wconf 80' lang='lat' dir='ltr'><strong>reclinatum</strong></span> <span class='ocrx_word' id='word_1_44' title='bbox 1815 2053 2028 2118; x_wconf 77' lang='lat' dir='ltr'><strong>bearis</strong></span> 
     </span>
     <span class='ocr_line' id='line_1_11' title="bbox 934 2155 1751 2226; baseline 0.004 -5"><span class='ocrx_word' id='word_1_45' title='bbox 934 2155 1250 2224; x_wconf 84' lang='lat' dir='ltr'><strong>Interiore</strong></span> <span class='ocrx_word' id='word_1_46' title='bbox 1277 2175 1430 2225; x_wconf 80' lang='lat' dir='ltr'><strong>nota</strong></span> <span class='ocrx_word' id='word_1_47' title='bbox 1476 2159 1751 2226; x_wconf 79' lang='lat' dir='ltr'><strong>Falerni.</strong></span> 
     </span>
    </p>
   </div>
   <div class='ocr_carea' id='block_1_6' title="bbox 800 2317 2256 2740">
    <p class='ocr_par' dir='ltr' id='par_1_6' title="bbox 800 2317 2256 2740">
     <span class='ocr_line' id='line_1_12' title="bbox 800 2317 2113 2413; baseline 0.006 -31"><span class='ocrx_word' id='word_1_48' title='bbox 800 2317 954 2400; x_wconf 85' lang='lat' dir='ltr'><strong>Quo</strong></span> <span class='ocrx_word' id='word_1_49' title='bbox 994 2323 1193 2406; x_wconf 86' lang='lat' dir='ltr'><strong>pinus</strong></span> <span class='ocrx_word' id='word_1_50' title='bbox 1229 2323 1462 2411; x_wconf 84' lang='lat' dir='ltr'><strong>ingens</strong></span> <span class='ocrx_word' id='word_1_51' title='bbox 1510 2323 1789 2410; x_wconf 76' lang='lat' dir='ltr'><strong>albaque</strong></span> <span class='ocrx_word' id='word_1_52' title='bbox 1829 2323 2113 2413; x_wconf 83' lang='lat' dir='ltr'><strong>populus</strong></span> 
     </span>
     <span class='ocr_line' id='line_1_13' title="bbox 800 2426 2256 2517; baseline 0.002 -24"><span class='ocrx_word' id='word_1_53' title='bbox 800 2426 1126 2493; x_wconf 77' lang='lat' dir='ltr'><strong>Umbram</strong></span> <span class='ocrx_word' id='word_1_54' title='bbox 1167 2427 1563 2517; x_wconf 79' lang='lat' dir='ltr'><strong>hospitalem</strong></span> <span class='ocrx_word' id='word_1_55' title='bbox 1607 2435 1988 2498; x_wconf 74' lang='lat' dir='ltr'><strong>consociare</strong></span> <span class='ocrx_word' id='word_1_56' title='bbox 2033 2447 2256 2497; x_wconf 75' lang='lat' dir='ltr'><strong>amant</strong></span> 
     </span>
     <span class='ocr_line' id='line_1_14' title="bbox 1078 2539 2189 2628; baseline 0.002 -23"><span class='ocrx_word' id='word_1_57' title='bbox 1078 2539 1349 2624; x_wconf 69' lang='lat' dir='ltr'><strong>Remis,</strong></span> <span class='ocrx_word' id='word_1_58' title='bbox 1407 2541 1569 2628; x_wconf 87' lang='lat' dir='ltr'><strong>quid</strong></span> <span class='ocrx_word' id='word_1_59' title='bbox 1608 2541 1884 2628; x_wconf 82' lang='lat' dir='ltr'><strong>obliquo</strong></span> <span class='ocrx_word' id='word_1_60' title='bbox 1930 2541 2189 2607; x_wconf 79' lang='lat' dir='ltr'><strong>laborat</strong></span> 
     </span>
     <span class='ocr_line' id='line_1_15' title="bbox 974 2648 2162 2740; baseline 0.002 -27"><span class='ocrx_word' id='word_1_61' title='bbox 974 2648 1281 2738; x_wconf 76' lang='lat' dir='ltr'><strong>Lympha</strong></span> <span class='ocrx_word' id='word_1_62' title='bbox 1327 2649 1529 2740; x_wconf 67' lang='lat' dir='ltr'>su&#39;gax</span> <span class='ocrx_word' id='word_1_63' title='bbox 1576 2651 1908 2740; x_wconf 78' lang='lat' dir='ltr'><strong>trepidare</strong></span> <span class='ocrx_word' id='word_1_64' title='bbox 1952 2655 2095 2718; x_wconf 84' lang='lat' dir='ltr'><strong>rivo</strong></span> <span class='ocrx_word' id='word_1_65' title='bbox 2127 2654 2162 2715; x_wconf 62' lang='grc' dir='ltr'><strong>ἱ)</strong></span> 
     </span>
    </p>
   </div>
   <div class='ocr_carea' id='block_1_7' title="bbox 803 2819 2352 3236">
    <p class='ocr_par' dir='ltr' id='par_1_7' title="bbox 803 2819 2352 3236">
     <span class='ocr_line' id='line_1_16' title="bbox 805 2819 2352 2910; baseline 0.001 -24"><span class='ocrx_word' id='word_1_66' title='bbox 805 2819 957 2886; x_wconf 89' lang='lat' dir='ltr'><strong>Hue</strong></span> <span class='ocrx_word' id='word_1_67' title='bbox 1000 2821 1155 2887; x_wconf 79' lang='lat' dir='ltr'><strong>vina</strong></span> <span class='ocrx_word' id='word_1_68' title='bbox 1200 2837 1265 2886; x_wconf 87' lang='lat' dir='ltr'><strong>et</strong></span> <span class='ocrx_word' id='word_1_69' title='bbox 1309 2838 1645 2910; x_wconf 77' lang='lat' dir='ltr'><strong>unguenta</strong></span> <span class='ocrx_word' id='word_1_70' title='bbox 1684 2839 1748 2887; x_wconf 85' lang='lat' dir='ltr'><strong>et</strong></span> <span class='ocrx_word' id='word_1_71' title='bbox 1788 2824 2077 2888; x_wconf 87' lang='lat' dir='ltr'><strong>nimium</strong></span> <span class='ocrx_word' id='word_1_72' title='bbox 2129 2823 2352 2890; x_wconf 76' lang='lat' dir='ltr'><strong>breves</strong></span> 
     </span>
     <span class='ocr_line' id='line_1_17' title="bbox 803 2930 2028 3018; baseline 0.003 -23"><span class='ocrx_word' id='word_1_73' title='bbox 803 2930 1021 2996; x_wconf 83' lang='lat' dir='ltr'><strong>Flores</strong></span> <span class='ocrx_word' id='word_1_74' title='bbox 1076 2953 1352 2997; x_wconf 82' lang='lat' dir='ltr'><strong>amoenae</strong></span> <span class='ocrx_word' id='word_1_75' title='bbox 1404 2933 1573 2997; x_wconf 81' lang='lat' dir='ltr'><strong>ferre</strong></span> <span class='ocrx_word' id='word_1_76' title='bbox 1614 2931 1770 3018; x_wconf 82' lang='lat' dir='ltr'><strong>jube</strong></span> <span class='ocrx_word' id='word_1_77' title='bbox 1819 2955 1982 2999; x_wconf 83' lang='lat' dir='ltr'><strong>rosae</strong></span> <span class='ocrx_word' id='word_1_78' title='bbox 2005 2981 2028 3014; x_wconf 89' lang='lat'>,</span> 
     </span>
     <span class='ocr_line' id='line_1_18' title="bbox 996 3039 2172 3104; baseline 0 -1"><span class='ocrx_word' id='word_1_79' title='bbox 996 3071 1003 3078; x_wconf 91' lang='lat'><strong>·</strong></span> <span class='ocrx_word' id='word_1_80' title='bbox 1069 3039 1251 3103; x_wconf 89' lang='lat' dir='ltr'><strong>Dum</strong></span> <span class='ocrx_word' id='word_1_81' title='bbox 1297 3061 1399 3104; x_wconf 85' lang='lat' dir='ltr'><strong>res</strong></span> <span class='ocrx_word' id='word_1_82' title='bbox 1439 3053 1503 3102; x_wconf 87' lang='lat' dir='ltr'><strong>et</strong></span> <span class='ocrx_word' id='word_1_83' title='bbox 1549 3053 1702 3104; x_wconf 78' lang='lat' dir='ltr'><strong>aetas</strong></span> <span class='ocrx_word' id='word_1_84' title='bbox 1748 3055 1813 3103; x_wconf 88' lang='lat' dir='ltr'><strong>et</strong></span> <span class='ocrx_word' id='word_1_85' title='bbox 1868 3061 2172 3103; x_wconf 84' lang='lat' dir='ltr'><strong>sororum</strong></span> 
     </span>
     <span class='ocr_line' id='line_1_19' title="bbox 982 3145 1952 3236; baseline -0.002 -24"><span class='ocrx_word' id='word_1_86' title='bbox 982 3145 1119 3212; x_wconf 79' lang='lat' dir='ltr'><strong>Fila</strong></span> <span class='ocrx_word' id='word_1_87' title='bbox 1166 3149 1370 3212; x_wconf 84' lang='lat' dir='ltr'><strong>trium</strong></span> <span class='ocrx_word' id='word_1_88' title='bbox 1408 3151 1754 3236; x_wconf 81' lang='lat' dir='ltr'><strong>patiuntur</strong></span> <span class='ocrx_word' id='word_1_89' title='bbox 1791 3164 1952 3214; x_wconf 75' lang='lat' dir='ltr'><strong>atra.</strong></span> 
     </span>
    </p>
   </div>
   <div class='ocr_carea' id='block_1_8' title="bbox 807 3310 2216 3730">
    <p class='ocr_par' dir='ltr' id='par_1_8' title="bbox 807 3310 2216 3730">
     <span class='ocr_line' id='line_1_20' title="bbox 808 3310 2086 3400; baseline 0.002 -24"><span class='ocrx_word' id='word_1_90' title='bbox 808 3310 1011 3379; x_wconf 80' lang='lat' dir='ltr'><strong>cedes</strong></span> <span class='ocrx_word' id='word_1_91' title='bbox 1061 3315 1378 3400; x_wconf 85' lang='lat' dir='ltr'><strong>coemptis</strong></span> <span class='ocrx_word' id='word_1_92' title='bbox 1422 3311 1694 3380; x_wconf 75' lang='lat' dir='ltr'><strong>saltibus</strong></span> <span class='ocrx_word' id='word_1_93' title='bbox 1743 3330 1806 3381; x_wconf 86' lang='lat' dir='ltr'><strong>et</strong></span> <span class='ocrx_word' id='word_1_94' title='bbox 1853 3315 2086 3398; x_wconf 89' lang='lat' dir='ltr'><strong>domo,</strong></span> 
     </span>
     <span class='ocr_line' id='line_1_21' title="bbox 807 3422 2216 3512; baseline 0 -22"><span class='ocrx_word' id='word_1_95' title='bbox 807 3422 1109 3512; x_wconf 77' lang='lat' dir='ltr'><strong>Villaque</strong></span> <span class='ocrx_word' id='word_1_96' title='bbox 1156 3425 1365 3490; x_wconf 79' lang='lat' dir='ltr'><strong>flavus</strong></span> <span class='ocrx_word' id='word_1_97' title='bbox 1408 3445 1610 3510; x_wconf 80' lang='lat' dir='ltr'><strong>quam</strong></span> <span class='ocrx_word' id='word_1_98' title='bbox 1650 3423 1914 3491; x_wconf 86' lang='lat' dir='ltr'><strong>Tiberis</strong></span> <span class='ocrx_word' id='word_1_99' title='bbox 1958 3423 2161 3492; x_wconf 77' lang='lat' dir='ltr'><strong>lavit:</strong></span> <span class='ocrx_word' id='word_1_100' title='bbox 2209 3499 2216 3506; x_wconf 83' lang='lat'><strong>.</strong></span> 
     </span>
     <span class='ocr_line' id='line_1_22' title="bbox 1078 3531 2166 3618; baseline 0 -20"><span class='ocrx_word' id='word_1_101' title='bbox 1078 3531 1325 3618; x_wconf 81' lang='lat' dir='ltr'><strong>Cedes,</strong></span> <span class='ocrx_word' id='word_1_102' title='bbox 1374 3549 1437 3598; x_wconf 89' lang='lat' dir='ltr'><strong>et</strong></span> <span class='ocrx_word' id='word_1_103' title='bbox 1478 3537 1787 3600; x_wconf 82' lang='lat' dir='ltr'><strong>extructis</strong></span> <span class='ocrx_word' id='word_1_104' title='bbox 1839 3535 1912 3600; x_wconf 92' lang='lat' dir='ltr'><strong>in</strong></span> <span class='ocrx_word' id='word_1_105' title='bbox 1958 3532 2166 3600; x_wconf 78' lang='lat' dir='ltr'><strong>altum</strong></span> 
     </span>
     <span class='ocr_line' id='line_1_23' title="bbox 988 3641 1860 3730; baseline -0.006 -18"><span class='ocrx_word' id='word_1_106' title='bbox 988 3645 1254 3712; x_wconf 82' lang='lat' dir='ltr'><strong>Divitiis</strong></span> <span class='ocrx_word' id='word_1_107' title='bbox 1304 3644 1591 3730; x_wconf 87' lang='lat' dir='ltr'><strong>potietur</strong></span> <span class='ocrx_word' id='word_1_108' title='bbox 1634 3641 1860 3708; x_wconf 83' lang='lat' dir='ltr'><strong>haeres.</strong></span> 
     </span>
    </p>
   </div>
   <div class='ocr_carea' id='block_1_9' title="bbox 808 3801 2184 4201">
    <p class='ocr_par' dir='ltr' id='par_1_9' title="bbox 808 3801 2184 4108">
     <span class='ocr_line' id='line_1_24' title="bbox 808 3801 2106 3891; baseline -0.002 -21"><span class='ocrx_word' id='word_1_109' title='bbox 808 3801 1131 3886; x_wconf 86' lang='lat' dir='ltr'><strong>Divesne,</strong></span> <span class='ocrx_word' id='word_1_110' title='bbox 1176 3805 1396 3891; x_wconf 88' lang='lat' dir='ltr'><strong>prisco</strong></span> <span class='ocrx_word' id='word_1_111' title='bbox 1444 3821 1635 3869; x_wconf 83' lang='lat' dir='ltr'><strong>natus</strong></span> <span class='ocrx_word' id='word_1_112' title='bbox 1687 3802 1772 3866; x_wconf 82' lang='lat' dir='ltr'><strong>ab</strong></span> <span class='ocrx_word' id='word_1_113' title='bbox 1821 3801 2106 3888; x_wconf 79' lang='lat' dir='ltr'><strong>Inacho,</strong></span> 
     </span>
     <span class='ocr_line' id='line_1_25' title="bbox 812 3899 2178 4000; baseline -0.002 -21"><span class='ocrx_word' id='word_1_114' title='bbox 812 3913 927 3979; x_wconf 88' lang='lat' dir='ltr'><strong>Nil</strong></span> <span class='ocrx_word' id='word_1_115' title='bbox 965 3915 1269 3996; x_wconf 87' lang='lat' dir='ltr'><strong>interest,</strong></span> <span class='ocrx_word' id='word_1_116' title='bbox 1311 3937 1397 3979; x_wconf 85' lang='lat' dir='ltr'><strong>an</strong></span> <span class='ocrx_word' id='word_1_117' title='bbox 1447 3937 1703 4000; x_wconf 83' lang='lat' dir='ltr'><strong>pauper</strong></span> <span class='ocrx_word' id='word_1_118' title='bbox 1753 3930 1814 3979; x_wconf 90' lang='lat' dir='ltr'><strong>et</strong></span> <span class='ocrx_word' id='word_1_119' title='bbox 1856 3912 2088 3978; x_wconf 75' lang='lat' dir='ltr'><strong>infima</strong></span> <span class='ocrx_word' id='word_1_120' title='bbox 2170 3899 2178 3906; x_wconf 56' lang='grc'><strong>’</strong></span> 
     </span>
     <span class='ocr_line' id='line_1_26' title="bbox 1080 4020 2184 4108; baseline -0.003 -20"><span class='ocrx_word' id='word_1_121' title='bbox 1080 4023 1180 4088; x_wconf 87' lang='lat' dir='ltr'><strong>De</strong></span> <span class='ocrx_word' id='word_1_122' title='bbox 1224 4037 1413 4108; x_wconf 83' lang='lat' dir='ltr'><strong>gente</strong></span> <span class='ocrx_word' id='word_1_123' title='bbox 1455 4020 1577 4088; x_wconf 85' lang='lat' dir='ltr'><strong>suh</strong></span> <span class='ocrx_word' id='word_1_124' title='bbox 1622 4021 1822 4098; x_wconf 83' lang='lat' dir='ltr'><strong>divo,</strong></span> <span class='ocrx_word' id='word_1_125' title='bbox 1873 4021 2184 4103; x_wconf 65' lang='lat' dir='ltr'><strong>moreris»,</strong></span> 
     </span>
    </p>

    <p class='ocr_par' dir='ltr' id='par_1_10' title="bbox 995 4131 2087 4201">
     <span class='ocr_line' id='line_1_27' title="bbox 995 4131 2087 4201; baseline -0.002 -3"><span class='ocrx_word' id='word_1_126' title='bbox 995 4132 1277 4198; x_wconf 77' lang='lat' dir='ltr'><strong>Victima</strong></span> <span class='ocrx_word' id='word_1_127' title='bbox 1326 4131 1423 4200; x_wconf 87' lang='lat' dir='ltr'><strong>nil</strong></span> <span class='ocrx_word' id='word_1_128' title='bbox 1467 4135 1836 4201; x_wconf 77' lang='lat' dir='ltr'><strong>miserantis</strong></span> <span class='ocrx_word' id='word_1_129' title='bbox 1877 4131 2087 4200; x_wconf 77' lang='lat' dir='ltr'><strong>Orci!</strong></span> 
     </span>
    </p>
   </div>
   <div class='ocr_carea' id='block_1_10' title="bbox 2719 2451 2800 2495">
    <p class='ocr_par' dir='ltr' id='par_1_11' title="bbox 2719 2451 2800 2495">
     <span class='ocr_line' id='line_1_28' title="bbox 2719 2451 2800 2495; baseline 0 0"><span class='ocrx_word' id='word_1_130' title='bbox 2719 2451 2800 2495; x_wconf 77' lang='lat'><strong>10</strong></span> 
     </span>
    </p>
   </div>
   <div class='ocr_carea' id='block_1_11' title="bbox 2723 3035 2808 3102">
    <p class='ocr_par' dir='ltr' id='par_1_12' title="bbox 2723 3035 2808 3102">
     <span class='ocr_line' id='line_1_29' title="bbox 2723 3035 2808 3102; baseline 0 0"><span class='ocrx_word' id='word_1_131' title='bbox 2723 3035 2808 3102; x_wconf 88' lang='lat'><strong>15</strong></span> 
     </span>
    </p>
   </div>
   <div class='ocr_carea' id='block_1_12' title="bbox 2741 3667 2833 3712">
    <p class='ocr_par' dir='ltr' id='par_1_13' title="bbox 2741 3667 2833 3712">
     <span class='ocr_line' id='line_1_30' title="bbox 2741 3667 2833 3712; baseline -0.022 0"><span class='ocrx_word' id='word_1_132' title='bbox 2741 3667 2833 3712; x_wconf 79' lang='lat'><strong>20</strong></span> 
     </span>
    </p>
   </div>
  </div>
 </body>
</html>
