3300 5042
821 533 956 578 110
1421 535 1589 582 mn.
1644 537 1717 604 1,
1783 537 1946 586 ona
2001 541 2256 590 xv111.

1479 801 1740 887 ODE
1823 805 2188 890 XVIII.

1546 1053 1681 1122 AD
1743 1055 2122 1124 VARUM.

798 1272 1103 1356 Nullam,
1156 1275 1357 1356 Varo,
1404 1301 1589 1342 sacra
1636 1281 1767 1344 vite
1807 1283 1988 1365 prius
2037 1281 2272 1346 severis
2322 1281 2622 1346 arborem

797 1397 991 1466 Circa
1036 1406 1193 1468 mite
1232 1405 1445 1470 solum
1482 1407 1754 1472 Tiburis
1793 1425 1854 1471 et
1905 1411 2148 1474 moenia
2200 1407 2413 1474 Catili.

792 1531 998 1599 Siccis
1048 1537 1271 1598 omnia
1322 1558 1477 1599 nam
1517 1536 1683 1600 dura
1732 1539 1906 1604 Deus
1948 1541 2322 1624 proposuit,
2377 1558 2586 1627 neque

788 1659 1127 1728 Mordaces
1181 1661 1364 1728 aliter
1413 1663 1771 1750 diffugiunt
1817 1663 2303 1732 sollicitudines.

789 1785 958 1870 Quis
982 1805 1125 1875 post
1148 1791 1300 1854 vina
1322 1813 1585 1875 gravem
1612 1791 1918 1854 militiam
1943 1808 2054 1854 aut
2081 1793 2462 1877 pauperiem
2495 1805 2714 1875 crepat
2737 1790 2768 1850 ?
2827 1787 2868 1852 5

788 1913 956 1998 Quis
996 1939 1127 1979 non
1157 1932 1215 1979 te
1246 1920 1462 2002 potius
1483 1967 1503 2000 ‚
1530 1917 1785 1980 Bacche
1821 1933 2039 2004 pater,
2083 1934 2301 2002 teque,
2335 1919 2566 1981 decens
2595 1915 2812 1982 Venus
2835 1915 2868 1975 ἰ’

784 2041 870 2107 At
914 2069 996 2108 ne
1036 2045 1182 2129 quis
1206 2045 1451 2110 modici
1498 2047 1817 2112 transiliat
1853 2070 2128 2110 munera
2165 2046 2424 2128 Liberi,

785 2171 1147 2238 Centaurea
1202 2191 1423 2238 monet
1472 2197 1627 2238 cum
1669 2171 1965 2260 Lapithis
2001 2175 2142 2237 rixa
2191 2196 2386 2260 super
2431 2193 2612 2236 mero

780 2295 1164 2378 Debellata;
1210 2317 1432 2363 monet
1470 2297 1786 2366 Sithoniis
1831 2321 1964 2362 non
2014 2298 2174 2363 Ievis
2219 2299 2415 2362 Evius
2437 2347 2458 2380 ,

780 2425 953 2492 Cum
1001 2427 1096 2490 fas
1140 2443 1333 2510 atque
1376 2427 1555 2490 nefas
1604 2427 1840 2510 exiguo
1883 2423 2011 2488 fine
2057 2422 2412 2488 libidinum
2779 2443 2860 2485 10

777 2551 1174 2616 Discernunt
1219 2549 1411 2615 avidi.
1460 2549 1609 2613 Non
1659 2571 1782 2634 ego
1831 2563 1928 2630 te,
1977 2547 2254 2612 candide
2295 2545 2638 2626 Bassareu,

778 2677 1066 2744 Invitum
1116 2680 1455 2763 quatiam,
1514 2701 1637 2740 nec
1688 2679 1884 2742 variis
1931 2675 2136 2740 obsita
2183 2674 2527 2738 frondibus

776 2802 915 2869 Sub
959 2803 1187 2868 divum
1231 2805 1508 2889 rapiam.
1555 2803 1738 2868 Saeva
1787 2817 1927 2864 tene
1975 2805 2131 2864 cuin
2181 2798 2618 2883 Berecynthio

775 2931 999 2998 Cornu
1050 2949 1404 3018 tympana,
1452 2953 1599 3016 quae
1650 2929 2066 3014 subsequitur
2109 2950 2318 2992 caecus
2367 2927 2576 2991 Amor
2625 2929 2767 3010 sui,

773 3061 1085 3128 Attollens
1137 3084 1420 3128 vacuum
1472 3059 1619 3148 plus
1670 3060 1879 3123 nimio
1927 3055 2156 3122 Gloria
2196 3059 2501 3128 verticem
2529 3105 2550 3140 ,
2775 3055 2855 3121 15

774 3193 1147 3276 Arcanique
1198 3191 1385 3256 Fides
1430 3191 1710 3278 prodiga
1733 3237 1755 3270 ,
1813 3187 2211 3275 perlucidior
2261 3187 2446 3254 vitro.
