3300 5042
815 565 954 640 290
1419 569 1592 616 mn.
1646 567 1757 630 11,
1824 565 2001 618 ona
2052 571 2283 620 xvn..

1495 854 1771 938 ODE
1862 857 2181 942 XVII.

1050 1129 1193 1198 AD
1257 1127 1967 1197 MAECENATEM
2034 1131 2627 1204 AEGROTUM.

891 1399 1042 1466 Con
1094 1423 1199 1464 me
1247 1397 1528 1484 querelis
1577 1401 1907 1463 exanimas
1962 1402 2087 1465 tuis
2114 1403 2147 1464 ἲ

889 1509 1026 1576 Nec
1070 1511 1188 1577 Dis
1229 1510 1516 1570 amicum
1557 1524 1689 1590 est,
1738 1531 1861 1572 nec
1914 1508 2079 1572 mihi
2105 1555 2127 1590 ,
2178 1525 2237 1573 te
2272 1513 2455 1596 prius

1153 1615 1391 1698 Obire‚
1445 1613 1799 1698 Maecenas,
1834 1639 2133 1680 mearum

1041 1725 1308 1790 Grande
1352 1725 1548 1789 decus
1593 1723 2022 1810 columenque
2066 1729 2334 1792 rerum!

779 1927 786 1938 ·
887 1885 1040 1951 Ah!
1089 1903 1150 1950 tc
1201 1909 1362 1949 meae
1416 1887 1470 1950 si
1515 1901 1766 1971 partem
1816 1887 2051 1950 animae

881 1991 1080 2080 Rapit
1127 1995 1448 2057 maturior
1497 1995 1593 2059 vis
1615 2041 1635 2076 ,
1684 1993 1845 2078 quid
1892 2015 2117 2058 moror
2170 1993 2407 2076 altera,

1152 2101 1290 2166 Nec
1343 2125 1532 2166 carus
1581 2125 1795 2188 aeque,
1850 2126 1970 2168 nec
2020 2121 2335 2192 superstes

1069 2209 1378 2298 Integer?
1417 2209 1532 2274 Ille
1582 2211 1721 2275 dies
1772 2226 2115 2344 utramque

877 2383 1090 2448 Ducet
1127 2382 1410 2442 ruinam.
1462 2377 1612 2442 Non
1660 2401 1784 2461 ego
1832 2367 2158 2474 perfide

874 2490 1030 2556 Dixi
1071 2503 1590 2567 sacramentum3
1637 2483 1921 2568 ibimus,
1968 2485 2251 2568 ibimus,
2322 2481 2352 2536 '-

1143 2595 1516 2677 Utcumque
1555 2591 1881 2678 praecedes
1900 2639 1921 2672 ,
1968 2613 2347 2679 supremum

1053 2701 1335 2790 Carpere
1381 2703 1504 2764 iter
1555 2702 1820 2764 comites
1870 2701 2101 2786 parati.

869 2873 980 2940 Mc
1033 2895 1156 2938 nec
1209 2869 1554 2936 Chimaerae
1593 2872 1858 2955 spiritus
1904 2873 2146 2958 igneae,

871 2982 1041 3064 Nec,
1089 2983 1144 3044 si
1197 2995 1524 3066 resurgat,
1569 2979 1976 3044 centimanus
2012 2977 2192 3064 Gyas

1134 3087 1412 3156 Divellet
1459 3107 1802 3168 unquam:
1858 3088 1951 3149 sic
2002 3089 2251 3170 potenti

1053 3193 1327 3257 Justitiae
1356 3239 1378 3274 ,
1422 3189 1868 3277 placitumque
1908 3189 2150 3254 ParcIs.

755 3417 762 3428 .
870 3362 1002 3426 Seu
1045 3359 1242 3425 Libra
1263 3407 1284 3442 ,
1325 3382 1436 3426 scu
1479 3381 1583 3422 me
1621 3357 1933 3442 Scorpius
1968 3359 2200 3444 aspicit

868 3468 1352 3536 Formidolosus
1371 3515 1390 3548 ,
1436 3487 1586 3552 pars
1629 3465 1973 3530 violentior

1136 3575 1384 3641 Natalis
1435 3571 1653 3654 horae,
1700 3597 1811 3636 seu
1858 3589 2172 3658 tyrannus

1044 3687 1373 3770 Hesperiae
1411 3681 1853 3767 Capricornus
1907 3679 2145 3746 undae:

871 3854 1236 3937 Utrumque
1281 3866 1578 3916 nostrum
1629 3847 1999 3914 incredibili
2052 3851 2250 3914 modo

872 3959 1206 4027 consentit
1253 3975 1516 4024 astrum.
1563 3960 1661 4021 Te
1714 3958 1895 4038 Jovis
1936 3960 2145 4044 impio

1142 4067 1376 4132 Tutela
1421 4067 1707 4132 Saturno
1751 4065 2080 4152 refulgens

1048 4171 1344 4258 Eripuit,
1389 4171 1803 4257 volucrisque
1842 4171 1983 4236 Fati

2798 2517 2877 2560 10

2802 3714 2895 3758 20
