3300 5042
752 495 847 590 98
1408 519 1568 564 Lm.
1626 518 1687 577 1,
1759 517 1927 564 01)ss
1984 517 2160 562 ΧΠ.

1472 801 1744 884 0le
1833 801 2098 884 XVI.

1444 1067 2141 1135 I'ALINODIA.

836 1338 899 1402 Ο
938 1358 1185 1403 MATRE
1224 1335 1503 1424 pulchra
1541 1336 1674 1400 filia
1721 1334 2103 1424 pulchrior!

834 1447 1051 1529 Quem
1092 1447 1459 1510 criminosis
1511 1469 1792 1532 eumque
1847 1447 2016 1512 voles
2067 1446 2342 1510 modum

1012 1551 1217 1616 Pones
1260 1551 1494 1614 iambis
1524 1601 1543 1632 ,
1582 1555 1715 1616 sive
1765 1553 2029 1614 flamma
2057 1602 2078 1636 ,

928 1660 1075 1726 Sive
1122 1661 1291 1723 mari
1336 1659 1491 1722 libet
1530 1660 1840 1723 Adriano·

839 1829 987 1895 Non
1033 1831 1495 1915 Dindymene,
1547 1857 1679 1896 uon
1729 1833 1938 1918 adytis
1987 1837 2192 1920 quatit

836 1939 1123 2002 Mentem
1160 1941 1569 2004 sacerdotum
1611 1941 1824 2005 incola
1873 1941 2188 2028 Pythius,

1020 2049 1167 2114 Non
1200 2051 1393 2114 Liber
1441 2075 1660 2136 teque,
1699 2077 1830 2116 nou
1873 2071 2060 2116 acuta

928 2159 1038 2224 Sic
1088 2163 1425 2246 geminant
1478 2161 1882 2248 Corybantes
1926 2185 2082 2246 aera,

838 2327 1080 2390 Tristes
1130 2343 1201 2389 ut
1254 2329 1363 2389 irae
1396 2352 1411 2390 ι
1442 2349 1601 2412 quas
1632 2351 1836 2412 neque
1880 2327 2157 2391 Noricus

838 2437 1130 2500 Deterret
1180 2437 1345 2498 ensis
1372 2485 1389 2516 ‚
1432 2459 1550 2498 uec
1598 2459 1776 2497 marc
1821 2437 2212 2522 naufragum
2245 2484 2266 2518 ,

1023 2542 1159 2607 Nec
1202 2565 1405 2608 saevus
1448 2545 1661 2630 ignis,
1707 2567 1824 2606 nec
1867 2544 2201 2608 tremendo

923 2651 1180 2737 Jupiter
1219 2655 1355 2738 ipse
1400 2676 1594 2716 ruens
1638 2652 1939 2716 tumultu.

835 2823 1062 2888 Fertur
1112 2821 1533 2886 Prometheus
1561 2871 1581 2902 ‚
1632 2823 1870 2885 addere
1909 2824 2196 2908 principi

836 2931 1027 2994 Limo
1079 2948 1341 2994 coactus
1382 2931 1776 3018 particulam
1818 2931 2110 3014 undique

1018 3043 1357 3106 Desectam
1383 3090 1400 3121 ,
1447 3057 1508 3102 et
1554 3042 1766 3104 insani
1806 3039 2011 3103 leonis

928 3153 1080 3216 Vim
1116 3150 1452 3215 stomacho
1496 3153 1867 3238 apposuisse
1925 3168 2160 3216 nostro.

837 3320 961 3383 Irae
1006 3319 1339 3404 Thyesten
1390 3320 1585 3382 exitio
1629 3321 1812 3404 gravi

838 3427 1178 3506 Sti-avere,
1220 3444 1281 3490 et
1330 3426 1473 3490 altis
1524 3425 1798 3490 urbibus
1841 3425 2086 3488 ultimae

1020 3531 1262 3596 Stetere
1310 3554 1519 3594 causae
1570 3553 1688 3594 cur
1735 3533 2024 3617 perirent

930 3637 1293 3722 Funditus,
1347 3641 1884 3724 imprimeretque
1931 3639 2136 3702 muris

842 3795 1091 3870 Hos'stile
1128 3822 1415 3868 aratrum
1470 3807 1788 3868 exercitus
1839 3801 2141 3868 insolens.

846 3913 1205 4000 Compesce
1248 3931 1529 3977 mentem
1562 3939 1575 3976 ε
1606 3937 1710 3976 me
1750 3933 2008 3996 quoque
2063 3914 2342 4010 pectoris

1022 4025 1325 4089 Tentavit
1376 4027 1447 4087 in
1483 4021 1662 4086 dulci
1707 4024 1968 4108 juventa

950 4134 1224 4208 Fervor,
1278 4148 1338 4196 et
1379 4135 1449 4197 in
1495 4133 1729 4197 celeres
1787 4131 2039 4197 iambos

2761 2463 2842 2502 10

2765 3047 2844 3112 15

2774 3669 2860 3710 20
