3300 5042
662 585 761 664 70
1340 587 1504 640 mn.
1558 591 1627 652 1,
1681 587 1850 638 ont
1901 583 2063 634 111.

1412 874 1679 959 ODE
1768 869 1989 958 XII.

1358 1142 1498 1210 AD
1592 1100 2034 1209 'MUSAM

669 1427 887 1514 QUEM
936 1429 1155 1496 virum
1206 1445 1321 1494 aut
1362 1427 1561 1492 heroa
1590 1477 1609 1510 ,
1651 1425 1800 1512 lyra
1845 1423 1946 1493 vel
1987 1423 2124 1486 acri

666 1539 863 1604 Tibia
913 1562 1129 1604 sumes
1176 1537 1538 1619 celebrare,
1582 1535 1727 1601 Clio
1757 1537 1788 1598 Ρ

670 1645 891 1730 Quem
941 1649 1211 1715 Deum?
1261 1645 1451 1732 cujus
1486 1647 1734 1708 recinet
1775 1641 1993 1728 jocosa

1030 1753 1287 1820 Nomen
1342 1755 1615 1840 imago?

670 1917 805 1982 Aut
853 1919 927 1981 in
982 1915 1311 1992 umbrosis
1356 1913 1689 1979 Heliconis
1737 1915 1868 1976 oris
1895 1961 1914 1994 ,

672 2023 805 2090 Aut
856 2047 1054 2110 super
1100 2025 1351 2107 Pindo,
1402 2023 1695 2112 gelidove
1733 2025 1805 2086 in
1855 2021 2123 2102 Haemo,

674 2131 870 2199 Unde
918 2129 1214 2199 vocalem
1255 2147 1496 2197 temere
1548 2135 1854 2198 insecutae

1033 2237 1303 2324 Orphea
1350 2237 1571 2304 silvae:

678 2397 839 2464 Arte
884 2413 1182 2462 materna
1235 2398 1497 2484 rapidos
1545 2414 1908 2461 morantem

675 2503 1063 2570 Fluminum
1104 2505 1358 2591 lapsus,
1414 2505 1774 2592 celeresque
1811 2521 2063 2586 ventos,

682 2611 1015 2677 Blandum
1066 2627 1132 2674 et
1186 2613 1423 2677 auritas
1466 2612 1704 2678 fidibus
1749 2614 2006 2676 canoris

1041 2723 1299 2788 Ducere
1335 2742 1612 2806 quercus
1637 2723 1668 2782 Ρ

686 2887 1111 2973 ΟυίᾶῬι-ἰιιε
1158 2885 1379 2948 dicam
1432 2883 1630 2950 solitis
1675 2889 1961 2972 parentis

680 2991 1064 3074 Laudibus,
1120 2993 1238 3075 qui
1288 3013 1387 3055 res
1434 2991 1779 3056 hominum
1831 3017 1906 3056 ac
1959 2995 2292 3074 Deorum,

684 3101 830 3185 Qui
870 3122 1053 3164 mare
1106 3121 1188 3161 ac
1229 3114 1466 3178 terras,
1512 3103 1832 3187 variisque
1885 3101 2211 3166 mundum

1047 3202 1404 3286 Temperat
1455 3201 1634 3266 horis
1663 3207 1694 3266 ’.θ

610 3385 617 3390 ·
683 3365 889 3434 Unde
931 3366 1027 3429 nil
1080 3365 1297 3450 majus
1350 3385 1691 3452 generatur
1739 3373 1922 3456 ipso,

684 3471 835 3538 'Nec
878 3472 1050 3556 viget
1088 3470 1454 3554 quidquam
1494 3474 1702 3536 simile
1749 3492 1858 3539 aut
1911 3474 2276 3540 secundum
2313 3499 2329 3535 z

693 3576 1044 3644 Proximos
1094 3575 1194 3637 illi
1244 3591 1457 3640 tamen
1502 3584 1842 3666 occupavit

1064 3680 1275 3746 Pauus
1322 3681 1621 3750 honores.

688 3839 950 3912 Praeliis
984 3841 1199 3904 audax
1217 3888 1240 3921 ,
1292 3862 1499 3926 neque
1540 3860 1601 3907 te
1638 3845 1881 3928 silebo,

691 3949 902 4018 Liber
926 3991 949 4028 ,
996 3963 1061 4011 et
1106 3947 1290 4012 saevis
1342 3949 1609 4014 inimica
1653 3955 1838 4040 virgo

692 4051 990 4137 Belluis,
1036 4073 1163 4116 nec
1210 4067 1272 4114 te
1316 4057 1655 4120 metuende
1702 4074 1872 4123 certa
1900 4103 1922 4138 ,

1060 4152 1325 4219 Phoebe
1342 4200 1365 4239 ‚
1388 4160 1633 4244 sagitta.

2713 2519 2802 2562 10

2727 3093 2814 3160 15

2737 3709 2836 3754 20
