3300 5042
859 533 957 608 56
1546 569 1712 618 mn.
1765 571 1826 631 1,
1893 567 2064 618 ont
2111 567 2230 614 11.

1610 813 1890 897 ODE
1979 813 2151 896 IX.

1366 1063 1503 1130 AD
1566 1059 2400 1130 THALIARCHUM.

1032 1304 1241 1370 Vlnsss
1294 1321 1367 1367 ut
1406 1303 1535 1366 alta
1582 1319 1702 1368 stet
1743 1307 1892 1368 nive
1945 1303 2298 1368 candidum

1042 1411 1306 1478 Soracte
1332 1461 1350 1493 ,
1398 1435 1519 1476 nec
1565 1411 1698 1496 jam
1748 1413 2099 1476 sustineant
2143 1433 2305 1474 onus

1204 1519 1395 1586 Silvae
1446 1517 1855 1600 laborante8‚
1909 1517 2187 1606 geluque

1114 1623 1417 1691 Flumina
1468 1626 1870 1690 constiterint
1913 1625 2160 1686 acuto?

1030 1791 1320 1856 Dissolve
1360 1794 1603 1878 frigus,
1655 1791 1836 1880 ligna
1879 1813 2070 1878 super
2125 1791 2273 1852 foco
2893 1775 2932 1842 5

1027 1899 1233 1986 Large
1282 1924 1597 1986 reponens
1622 1948 1643 1982 ‚
1689 1917 1878 1986 atque
1929 1898 2274 1984 benignius

1200 2011 1529 2095 Deprome
1566 2010 1990 2096 quadrimum
2035 2008 2302 2086 sabina,

1114 2115 1177 2179 O
1222 2115 1656 2198 Thaliarche,
1703 2139 1960 2182 merum
2005 2117 2202 2180 diota.

1028 2275 1327 2340 Permitte
1376 2278 1563 2347 Divis
1608 2293 1837 2342 caetera
1855 2325 1877 2360 ‚
1925 2279 2042 2362 qui
2087 2273 2282 2342 simul

1028 2381 1325 2450 Sti-avere
1362 2401 1586 2451 ventos
1624 2407 1884 2471 aequore
1933 2385 2184 2450 fervido
2857 2395 2932 2438 10

1201 2492 1698 2580 Depraeliames,
1740 2517 1861 2557 neo
1899 2495 2220 2579 cupressi,

1112 2598 1249 2664 Nec
1284 2617 1524 2666 veteres
1562 2604 1894 2689 agitantur
1939 2604 2107 2664 orni.

1024 2765 1209 2850 Quid
1252 2747 1335 2834 ait
1382 2771 1680 2834 futurum
1736 2791 1878 2833 eras
1925 2770 2077 2854 fuge
2119 2785 2446 2854 quaerere,
2505 2779 2570 2828 et

1024 2875 1243 2958 Quem
1278 2878 1411 2942 fors
1446 2877 1704 2940 dierum
1751 2899 2032 2961 cumque
2081 2875 2269 2941 dabit-
2313 2875 2502 2936 lucro

1206 2983 1483 3069 Appone
1506 3029 1529 3062 ‚
1582 3007 1703 3048 nec
1757 2984 1976 3050 dulces
2017 3005 2266 3048 amores
2855 2969 2934 3036 15

1106 3090 1353 3176 Sperne
1404 3113 1603 3177 puer,
1648 3113 1858 3176 neque
1909 3108 1978 3154 tu
2029 3090 2296 3154 choreas
2322 3134 2344 3169 ,

1016 3258 1247 3322 Donec.
1294 3259 1527 3320 virenti
1578 3259 1844 3320 canities
1893 3257 2070 3322 abest

1021 3358 1301 3423 Morosa.
1348 3359 1542 3424 Nunc
1589 3378 1651 3423 et
1697 3383 1966 3448 campus
2009 3379 2070 3426 et
2113 3383 2277 3426 areae

1198 3465 1527 3550 Lenesque
1574 3465 1696 3530 sub
1745 3485 2000 3533 noctem
2049 3469 2294 3534 susurri

1108 3569 1485 3658 Composita
1532 3589 1905 3660 repetantur
1953 3575 2156 3640 hora:
2861 3585 2941 3636 2⁰

1021 3731 1215 3796 Nunc
1255 3747 1315 3793 et
1348 3731 1601 3798 latentis
1646 3733 1944 3818 proditor
1985 3738 2217 3800 intimo

1020 3837 1260 3906 Gratus
1304 3839 1532 3928 puellae
1582 3845 1750 3907 risus
1787 3843 1870 3906 ab
1915 3847 2202 3932 angulo,

1197 3949 1566 4035 Pignusque
1612 3953 1952 4036 dereptum
1989 3953 2246 4018 lacertis

1114 4056 1247 4122 Aut
1290 4056 1493 4144 digito
1542 4057 1711 4122 male
1755 4063 2090 4146 pertinaci.
