3300 5042
742 487 885 564 208
1436 512 1607 561 ms.
1663 513 1770 577 11,
1839 479 2110 565 onn‘x.

824 627 975 693 Jam
1022 647 1201 690 nunc
1252 626 1499 690 minaei
1542 649 1880 692 murmure
1927 651 2250 694 cornuum

824 737 1208 822 Pei-stringis
1252 757 1480 817 aures,
1534 734 1671 820 jam
1715 734 1862 799 litui
1911 751 2242 824 strepunt3

1088 843 1238 908 Jam
1286 840 1508 930 fulgor
1549 861 1887 908 armorum
1936 845 2202 933 fugaces

1001 951 1229 1016 Terret
1271 971 1506 1035 equos,
1550 953 1972 1038 equitumque
2013 952 2246 1020 vultus.

796 1115 1071 1202 *Audire
1111 1136 1385 1203 magnos
1431 1115 1567 1201 jam
1618 1115 1846 1183 videor
1899 1117 2098 1184 duces

821 1223 971 1289 Non
1023 1221 1334 1288 indecoro
1371 1221 1636 1308 pulvere
1681 1223 1978 1290 sordidos
1997 1271 2019 1308 ‚

1080 1329 1161 1394 Et
1206 1346 1439 1394 cuneta
1494 1347 1815 1395 terrarum
1857 1331 2124 1398 subacta

997 1435 1234 1502 Praetcr
1287 1454 1572 1502 atrocem
1624 1440 1919 1503 animum
1973 1437 2256 1510 Catonis.

821 1606 1036 1688 Juno,
1078 1621 1140 1670 et
1182 1609 1475 1673 Deorum
1512 1608 1806 1692 quisquis
1856 1609 2136 1673 amicior

822 1715 999 1782 Afris
1018 1763 1043 1799 ,
1082 1713 1290 1780 inulta
1334 1731 1603 1781 cesserat
1659 1718 1986 1803 impotens

1091 1819 1391 1887 Tellure:
1432 1825 1761 1888 victorum
1807 1841 2068 1911 nepotes

1001 1928 1245 1994 Retulit
1294 1931 1558 1996 inferias
1600 1930 1964 2020 Jugurthae.

822 2095 991 2180 Quis
1042 2119 1177 2162 non
1214 2093 1447 2160 Latino
1498 2099 1817 2182 sanguiue
1866 2100 2180 2186 pinguior
2243 2093 2248 2102 ’

820 2200 1109 2290 Campus
1135 2250 1157 2284 ,
1208 2198 1520 2287 sepulcris
1536 2204 1746 2289 impia
1773 2202 2000 2290 praelia

1085 2308 1427 2390 Testatur,
1466 2307 1891 2394 auditumque
1934 2309 2144 2377 Medis

989 2407 1325 2500 Hesperia}
1363 2415 1648 2478 sonitum
1691 2417 1899 2478 ruina}
1923 2415 1954 2477 ἲ
2094 2419 2101 2434 ’

823 2573 961 2658 Qui
1014 2597 1280 2662 gurges,
1323 2590 1434 2639 aut
1476 2595 1621 2660 quae
1665 2577 1942 2640 flumina
1985 2575 2284 2664 lugubris

821 2680 1059 2771 Ignara
1105 2679 1259 2745 belli
1282 2679 1316 2744 ‘2
1362 2681 1541 2766 quod
1568 2703 1749 2745 mare
1785 2682 2062 2749 Dauniae

1104 2787 1252 2854 Non
1298 2785 1748 2854 decoloravere
1791 2789 1994 2854 caedes
2019 2791 2050 2853 ἐ’

1001 2895 1169 2981 Qua!
1219 2913 1393 2962 caret
1437 2920 1553 2961 ora
1594 2919 1826 2961 cruore
1863 2913 2084 2963 nostro
2111 2899 2144 2960 ἒ

818 3061 984 3142 sed,
1028 3085 1111 3128 ne
1154 3062 1432 3146 relictis,
1478 3062 1667 3130 Musa
1701 3086 1983 3151 procax,
2031 3065 2193 3150 jocis

828 3165 975 3234 Ccae
1026 3187 1324 3235 retractes
1364 3193 1640 3235 munera
1697 3173 1969 3256 naeniae3

1096 3277 1357 3342 Mecum
1398 3281 1672 3346 Dionaeo
1713 3278 1837 3344 sub
1885 3295 2072 3344 antro

998 3381 1234 3468 Quaere
1279 3384 1507 3452 modos
1554 3383 1794 3452 leviore
1840 3383 2105 3472 plectro.

2715 976 2798 1020 20

2712 1609 2793 1676 25

2711 2204 2794 2270 30

2705 2791 2787 2860 35
