3300 5042
730 583 821 660 72
1392 587 1565 638 ιη.
1618 589 1685 649 1,
1757 587 1927 636 oon
1981 587 2138 634 κη.

728 700 969 764 Dicam
1016 710 1080 759 et
1122 693 1399 761 Alciden
1454 717 1818 783 puerosque
1861 697 2050 760 Ledae
2072 743 2094 775 ‚

728 803 927 868 Hunc
974 805 1204 888 equis,
1260 791 1449 868 illum
1498 826 1802 889 superare
1859 806 2100 890 pugnis

727 909 1076 991 Nobilem,
1120 933 1403 994 quorum
1442 909 1639 976 simul
1689 909 1836 974 alba
1881 909 2098 974 nautis

1083 1019 1279 1084 Stella
1326 1018 1617 1092 refulsit,

728 1225 975 1292 Defiuit
1028 1226 1194 1290 saxis
1238 1227 1517 1311 agitatus
1558 1223 1845 1306 humor,

730 1331 1107 1396 concidunt
1158 1337 1375 1412 venti,
1425 1335 1816 1422 fugiuntque
1865 1331 2114 1410 nube-⁸,

729 1441 809 1506 Et
854 1443 1110 1523 minax,
1150 1441 1329 1526 quod
1364 1443 1457 1506 sic
1504 1440 1762 1505 voluere
1787 1487 1806 1520 ,
1864 1455 2068 1526 ponto

1092 1553 1286 1619 Unda
1328 1553 1674 1618 recumbit.

626 1765 635 1774 ‘
730 1755 1089 1821 Romulum
1132 1774 1277 1842 post
1320 1757 1439 1822 hos
1488 1759 1709 1845 prius,
1755 1779 1840 1820 an
1888 1760 2182 1842 quietum

735 1863 1013 1948 Pompili
1054 1887 1332 1948 regnum
1370 1885 1772 1944 memorem,
1803 1887 1886 1926 an
1922 1864 2234 1949 superbos

735 1969 1058 2054 Tarquini
1102 1973 1343 2052 fasces,
1401 1970 1678 2049 dubito,
1729 1995 1814 2036 an
1863 1971 2130 2036 Catonis

1108 2075 1341 2141 Nobile
1395 2075 1700 2142 lethum?

736 2277 1066 2364 Regulum
1118 2295 1179 2342 et
1230 2279 1557 2360 Scauros,
1622 2284 1989 2366 animaeque
2036 2303 2294 2366 maguae

735 2388 1095 2476 Prodigum
1150 2388 1472 2468 Paulum,
1528 2406 1870 2476 superante
1927 2390 2186 2469 Poeno,

738 2495 977 2561 Gratus
1038 2498 1281 2584 insigni
1326 2499 1603 2560 reseram
1653 2497 1941 2562 Camena

1096 2602 1621 2688 Fabriciumque.

738 2802 933 2868 Hunc
958 2850 978 2884 ,
1026 2816 1089 2863 et
1136 2803 1443 2864 incomtis
1470 2799 1748 2864 Curium
1782 2800 2037 2886 capillis

738 2907 981 2972 Utilem
1022 2903 1194 2968 bello
1224 2904 1428 2985 -tulit‚
1464 2922 1523 2968 ct
1571 2905 1926 2969 Camillum

737 3015 919 3080 Saeva
970 3031 1361 3101 paupertas,
1398 3030 1459 3077 et
1504 3017 1711 3080 avitus
1761 3033 1914 3100 apto

1100 3119 1271 3183 Cum
1320 3117 1455 3182 lare
1507 3119 1772 3184 fundus.

682 3309 691 3320 ¹
740 3325 987 3390 Crescit
1027 3325 1287 3390 occulto
1330 3324 1506 3390 velut
1548 3325 1748 3414 arbor
1796 3349 1934 3392 aevo

738 3433 935 3498 Fama
981 3431 1275 3497 Marcelli
1309 3458 1325 3495 ε
1371 3433 1573 3494 micat
1614 3434 1783 3496 inter
1820 3455 2048 3498 omnes

738 3541 991 3608 Julium
1040 3543 1261 3623 sidus,
1304 3539 1480 3604 velut
1522 3541 1694 3606 inter
1737 3542 1920 3628 ignes

1094 3651 1281 3716 Luna
1330 3653 1637 3718 minores.

738 3857 965 3922 Gentis
1009 3852 1323 3916 humanm
1368 3868 1549 3937 pater
1598 3867 1790 3936 atque
1843 3867 2095 3936 custos,

736 3965 897 4030 Orte
938 3963 1257 4041 Saturno,
1304 3961 1423 4025 tibi
1466 3984 1625 4025 cura
1671 3965 1898 4046 magni

736 4073 1009 4140 Caesaris
1046 4072 1193 4135 satis
1232 4069 1382 4131 data
1412 4094 1428 4133 ε
1478 4085 1549 4132 tu
1574 4117 1593 4150 ,
1638 4070 1926 4134 secundo

1100 4177 1387 4262 Caesare,
1428 4199 1678 4267 regnes.

2729 687 2816 754 25

2723 1327 2814 1392 30

2725 1968 2814 2034 35

2653 3324 2821 3410 .45

2741 3961 2838 4030 ὅσ
