3300 5042
782 531 920 620 254
1450 569 1612 621 ms.
1668 575 1781 638 11,
1848 576 2023 627 ons
2069 579 2179 630 vx.

1550 881 1825 968 ODE
1928 887 2089 972 VI.

1377 1151 1520 1220 AD
1597 1156 2249 1228 SEPTIMIUM.

769 1413 1116 1500 SBPTnss,
1157 1415 1370 1486 Gades
1417 1423 1675 1490 aditure
1723 1447 2020 1509 meeum,
2062 1444 2125 1492 et

769 1521 1172 1592 Cantabrum
1215 1531 1557 1598 indoctum
1610 1533 1769 1622 juga
1813 1536 1982 1599 serre
2022 1553 2288 1623 nostra,
2344 1555 2409 1604 et

767 1631 1087 1702 Barbaras
1131 1636 1350 1723 Syrtes
1399 1639 1515 1705 ubi
1551 1641 1784 1708 Maura
1832 1665 2088 1734 semper

1037 1747 1290 1811 AEstuat
1343 1749 1566 1835 unda3

768 1905 1014 1984 Tibur,
1066 1911 1284 1998 Argeo
1340 1917 1625 2000 positum
1672 1915 1907 1982 colono
1926 1966 1949 2002 ,

769 2013 868 2080 Sit
913 2039 1076 2081 meae
1119 2020 1296 2086 sedes
1337 2025 1589 2087 utinam
1629 2043 1945 2110 senecta,

769 2119 868 2186 Sit
917 2124 1157 2190 modus
1193 2126 1361 2192 lasso
1415 2131 1616 2196 maris
1668 2149 1731 2197 et
1780 2135 2078 2220 viarum,

1039 2229 1446 2321 militiaeque.

773 2395 965 2462 Unde
1011 2399 1065 2463 si
1111 2399 1331 2466 Parcae
1377 2403 1733 2490 prohibent
1782 2408 2029 2494 iniquae
2050 2457 2075 2492 ‚

769 2503 981 2571 Dulce
1025 2505 1264 2592 pellitis
1306 2509 1537 2578 ovibus
1585 2511 1827 2580 Galaesi

769 2611 1044 2681 Flumen
1064 2664 1088 2692 ‚
1136 2633 1200 2681 et
1243 2635 1514 2706 regnata
1559 2636 1781 2708 petam
1816 2623 2064 2690 Laconi

1033 2724 1216 2790 Rura
1253 2724 1592 2793 Phalanto.

769 2887 890 2954 Ille
937 2907 1260 2957 terrarum
1319 2891 1484 2958 mihi
1540 2911 1775 2983 praeter
1825 2919 2056 2965 omnes

770 2996 1072 3086 Angulus
1115 3001 1327 3084 ridet,
1377 3001 1492 3066 ubi
1545 3026 1685 3068 non
1739 3003 2049 3090 Hymetto

771 3104 974 3170 Mella
1028 3107 1390 3193 decedunt,
1439 3111 1766 3197 viridique
1814 3129 2014 3178 certat

1033 3215 1248 3282 Bacca
1292 3217 1624 3284 Venafro:

773 3379 906 3450 Ver
960 3381 1084 3446 ubi
1122 3380 1401 3472 longum
1422 3434 1443 3469 ,
1491 3385 1869 3474 tepidasque
1914 3387 2159 3476 praebet

767 3491 1026 3579 Jupiter
1065 3491 1376 3578 brumas,
1428 3511 1492 3561 et
1541 3501 1794 3564 amicus
1836 3499 2054 3566 Aulon

768 3599 990 3665 Fertili
1036 3599 1301 3666 Baccho
1343 3604 1700 3669 minimum
1744 3604 2031 3671 Falernis

1017 3705 1276 3776 Invidet
1317 3713 1476 3776 uvis.

766 3867 884 3934 Ille
935 3887 997 3936 te
1045 3895 1308 3951 meeum
1351 3873 1538 3942 locus
1579 3891 1640 3940 et
1690 3875 1893 3941 beatae

765 3977 1103 4049 Postulant
1147 4007 1371 4070 arces3
1419 3984 1512 4050 ibi
1565 4001 1634 4050 tu
1682 3984 1999 4051 calentem

771 4086 1008 4156 Debita
1049 4113 1314 4180 sparges
1363 4089 1663 4182 lacryma
1709 4093 1997 4164 favillam

1041 4199 1222 4268 Vatis
1273 4201 1492 4267 amici.

2790 2550 2879 2592 10

2787 3743 2885 3788 20
