3300 5042
1103 751 1931 873 HORATII
2052 753 2565 930 VITA,

856 1053 935 1109 A.
979 1047 1051 1110 0.
1093 1047 1522 1114 sumomo
1561 1047 2109 1129 TRANQmLLo
2148 1045 2811 1130 consciarum.

885 1521 970 1607 Q.
1021 1523 1394 1590 Hoanms
1453 1523 1797 1607 Facem,
1854 1524 2273 1600 Venusinus,
2325 1539 2559 1612 patre,
2612 1539 2685 1618 ut
2733 1527 2877 1612 ipse

793 1631 1016 1724 tradit,
1045 1630 1356 1698 libertino
1387 1649 1448 1696 et
1485 1635 1579 1717 (2)
1613 1635 2073 1699 exauctionum
2104 1647 2403 1698 coactore
2446 1631 2539 1718 (3)
2580 1633 2695 1720 [ut
2723 1653 2877 1697 vero

785 1735 1120 1800 ,creditum
1169 1753 1265 1802 est
1297 1783 1318 1817 ‚
1369 1735 1903 1821 salsamenta-io,
1950 1761 2103 1802 cum
2156 1735 2254 1800 illi
2312 1737 2589 1822 quidam
2632 1757 2877 1824 expro—

795 1843 1043 1911 brasset
1084 1848 1156 1910 in
1195 1845 1613 1912 altercatione
1658 1873 1676 1912 t
1710 1875 1740 1906 α
1779 1849 2033 1932 quoties
2078 1869 2201 1936 ego
2232 1847 2367 1912 vidi
2402 1863 2655 1934 patrem
2684 1861 2875 1911 tuum

795 1953 1072 2018 brachio
1123 1979 1189 2020 se
1235 1971 1696 2044 emungentem
1720 1957 1753 2018 i·
1792 1960 1874 2040 n]
1940 1953 2118 2022 Bello
2175 1955 2581 2044 Philippensi
2624 1958 2877 2022 excitus

796 2083 838 2126 a
875 2061 968 2126 Μ.
1009 2061 1254 2145 Bruto,
1297 2065 1723 2150 imperatore,
1754 2063 2057 2130 tribunus
2102 2061 2390 2130 militum
2428 2067 2703 2148 meruit3
2732 2065 2877 2130 vic-

797 2175 1007 2258 tisque
1040 2173 1338 2260 partibus
1361 2221 1383 2258 ,
1416 2175 1605 2240 venia
1649 2177 1992 2262 impetrata
2020 2224 2041 2258 ‚
2084 2173 2176 2262 (4)
2228 2177 2547 2261 scriptum
2590 2190 2875 2260 questo-

795 2285 974 2350 rium
1011 2281 1462 2370 comparavit,
1444 2307 1461 2324 ·
1503 2305 1582 2347 ac
1627 2285 1847 2370 primo
1876 2283 2253 2368 Maecenati,
2292 2306 2445 2349 mox
2480 2283 2773 2373 Augusto
2800 2286 2877 2350 in

797 2394 1078 2480 gratiam
1107 2394 1496 2475 insinuatus,
1523 2415 1657 2458 000
1684 2393 2129 2457 mediocrem
2109 2415 2181 2459 ιο
2204 2391 2553 2458 amborum
2586 2395 2877 2458 amicitia

796 2499 1021 2568 locum
1053 2505 1278 2567 tenuit.
1307 2501 1629 2569 Maecenas
1658 2519 2060 2593 quantopere
2094 2526 2250 2570 eum
2280 2501 2576 2568 dilexerit
2600 2505 2750 2570 satis
2780 2501 2873 2589 (5)

799 2625 1064 2678 testatur
1089 2607 1204 2676 illo
1226 2613 1703 2700 epigrammate
1721 2661 1743 2698 ,
1874 2669 1879 2674 .

1047 2801 1130 2854 Ni
1152 2807 1205 2852 u
1235 2797 1529 2853 visceribus
1557 2819 1662 2853 mn
1704 2803 1841 2862 ‚1¹10
1840 2801 1981 2864 mei,

1053 2881 1198 2937 Plus
1221 2887 1348 2954 jam
1373 2880 1547 2954 diligo
1567 2921 1582 2946 ,
1622 2891 1681 2936 tu
1718 2891 1868 2938 tuum
1898 2883 2145 2938 sodalem

1053 2967 1264 3022 Ninnio
1296 2965 1488 3022 videas
1518 2969 1885 3038 “rigatior-em
1912 2965 1993 3039 (6)
2026 2991 2041 3036 3

797 3149 912 3218 sed
959 3145 1168 3213 multo
1203 3149 1415 3235 magis
1455 3151 1757 3214 extremis
1798 3149 1889 3238 (7)
1930 3147 2196 3234 judiciis
2236 3147 2345 3213 tali
2387 3147 2469 3212 ad
2509 3147 2881 3238 Augustum

797 3257 1013 3347 elogio
1049 3285 1066 3324 z
1103 3257 1362 3322 Horatii
1391 3254 1642 3341 Flacci,
1668 3275 1740 3321 ut
1770 3259 1925 3342 mei,
1954 3273 2087 3323 esto
2110 3279 2383 3325 memor.

893 3367 1219 3455 Augustus
1266 3363 1691 3452 epistolarum
1728 3389 1990 3454 quoque
2042 3369 2101 3430 ei
2149 3367 2442 3432 officium
2480 3363 2763 3448 obtulit,
2808 3380 2887 3432 ut

774 3473 931 3542 'hoc
969 3475 1056 3539 ad
1095 3473 1514 3538 Maecenatem
1552 3476 1797 3561 scripto
1839 3473 2165 3560 significat
2206 3501 2223 3541 ι
2262 3503 2293 3534 α
2334 3475 2502 3540 Ante
2528 3475 2666 3564 ipse
2692 3469 2889 3572 suffif

801 3581 1058 3646 ciebam
1089 3579 1452 3644 scribendis
1475 3579 1763 3666 epistolis
1794 3583 2199 3666 amicorum3
2236 3605 2415 3648 0000
2444 3581 2877 3668 occupatissi-

801 3713 950 3758 mus
964 3706 1024 3755 et
1035 3687 1336 3754 infirmus
1349 3689 1700 3754 Horatium
1716 3707 2013 3756 nostrum
2026 3707 2085 3755 te
2102 3693 2301 3778 cupio
2316 3691 2407 3778 (8)
2421 3691 2763 3755 adducere.
2782 3689 2875 3774 (9)

799 3801 1032 3872 Veniet
1067 3822 1225 3888 ergo
1259 3797 1343 3863 ab
1384 3801 1504 3865 ista
1542 3804 1893 3890 parasitica
1930 3825 2153 3868 mensa
2183 3803 2269 3866 ad
2298 3799 2471 3868 hanc
2504 3801 2795 3889 regiam,
2818 3813 2887 3864 et

801 3936 923 3980 nos
947 3914 1020 3977 in
1047 3909 1334 3999 epistolis
1365 3893 1725 3978 scribendis
1750 3911 2105 3999 adjuvabit.
2138 3939 2171 3972 a·

892 4021 988 4088 Ac
1017 4042 1101 4086 ne
1129 4018 1266 4107 (ῐο)
1298 4023 1624 4085 recusanti
1649 4021 1921 4106 quidem
1950 4037 2061 4085 aut
2088 4021 2459 4086 succensuit
2482 4015 2889 4106 quidquam,

802 4149 914 4205 aut
953 4131 1316 4200 amicitiam
1357 4151 1552 4200 suam
1583 4133 1883 4220 ingerere
1930 4130 2139 4200 desiit.
2205 4131 2438 4198 Extant
2480 4123 2767 4217 epistolae
2786 4171 2809 4212 ,
2846 4145 2889 4190 e
