3300 5042
801 577 834 657 l
1487 601 1883 657 nonant
1942 601 2181 654 vti-A.

801 717 1043 807 quibus
1058 764 1080 795 ,
1129 721 1498 806 argumenti
1541 721 1785 808 gratia,
1825 739 2039 804 pauca
2080 711 2331 800 subjeci
2374 738 2393 778 ι
2434 739 2467 772 ι
2502 709 2702 778 Sume
2740 707 2869 776 tibi

797 827 1050 915 aliquid
1076 828 1236 914 juris
1265 829 1441 916 apud
1465 852 1572 896 me
1593 879 1615 914 ‚
1649 845 1961 918 tanquam
1988 829 2043 895 si
2070 826 2411 892 convictor
2432 821 2601 891 mihi
2627 822 2827 885 fueris
2850 845 2871 886 ε

796 952 970 1002 recte
995 939 1173 1004 enim
1199 953 1261 1003 et
1289 961 1424 1004 non
1461 955 1702 1002 temere
1745 937 1977 1002 feceris
2002 963 2020 1000 ε
2052 935 2370 1020 quoniam
2405 931 2473 995 id
2514 953 2665 996 usus
2700 927 2869 992 mibi

793 1059 1015 1110 tecum
1069 1067 1202 1112 esse
1249 1045 1426 1112 volui
1475 1047 1550 1132 (1
1571 1047 1681 1130 1),
1729 1047 1783 1110 si
1842 1067 1963 1132 per
2008 1041 2444 1110 valetudinem
2492 1055 2673 1104 tuam
2724 1035 2867 1100 fieri

792 1153 1125 1238 potuisset.
1161 1176 1190 1211 ι
1227 1152 1362 1238 (12)
1393 1155 1468 1220 Et
1509 1175 1769 1220 rursus:
1798 1179 1829 1214 ι
1864 1149 1998 1218 Tui
2028 1148 2289 1236 qualem
2312 1145 2591 1210 habeam
2622 1165 2871 1228 memo-e

791 1261 990 1341 riam,
1017 1263 1260 1347 poteris
1293 1285 1368 1324 ex
1393 1259 1528 1348 (13)
1560 1260 1880 1348 Septimio
1898 1279 2159 1345 quoque
2184 1273 2403 1322 nostro
2426 1254 2685 1334 audis-03
2712 1274 2869 1316 nam

788 1367 1027 1432 incidit
1061 1355 1132 1432 ut
1160 1365 1274 1432 illo
1319 1391 1544 1433 coram
1571 1366 1751 1432 fieret
1779 1389 1818 1430 a
1844 1389 1951 1430 me
1984 1367 2079 1429 tui
2112 1367 2375 1430 mentio.
2402 1362 2627 1448 Neque
2650 1363 2825 1425 enim
2844 1405 2867 1444 ,

784 1477 844 1542 si
873 1491 940 1540 tu
969 1475 1286 1564 superbus
1315 1479 1677 1542 amicitiam
1709 1491 2001 1540 nostram
2031 1475 2362 1561 sprevisti,
2392 1472 2539 1536 ideo
2564 1493 2683 1538 nos
2710 1492 2866 1557 quo·

783 1605 915 1674 que
961 1583 1097 1672 (14)
1135 1587 1729 1672 ἐνδυπεςφςιονοίῖμεγ.

876 1695 1192 1762 Praeterea
1233 1716 1404 1780 saepe
1443 1717 1595 1761 eum
1639 1695 1813 1762 inter
1848 1693 2009 1762 alios
2048 1693 2231 1786 jocos
2272 1689 2409 1779 (15)
2460 1698 2865 1772 purissimum

779 1827 1012 1884 penem
1036 1851 1062 1881 ,
1119 1818 1184 1868 et
1235 1801 1725 1870 homuncionem
1774 1811 2229 1882 lepidissimum
2278 1799 2675 1888 appellavit,
2728 1799 2865 1886 (16)

786 1931 1052 1996 unaque
1095 1925 1156 1974 et
1192 1908 1388 1976 altera
1427 1909 1811 1976 liberalitate
1836 1909 2275 2000 locupletavit.
2316 1909 2571 1998 Scripta
2600 1909 2867 1995 quidem

785 2019 842 2104 ej
853 2043 928 2084 us
937 2017 1310 2104 usqueadeo
1322 2017 1648 2106 probavit,
1661 2043 2099 2106 mansuraque
2108 2035 2425 2108 perpetuo
2436 2020 2739 2106 opinatus
2750 2033 2869 2097 est,

785 2147 860 2196 ut
887 2153 1024 2196 non
1051 2129 1252 2195 modo
1277 2129 1584 2196 saeculare
1622 2153 1885 2196 carmen
1910 2130 2439 2218 componendum
2470 2127 2823 2214 injunxerit
2845 2176 2866 2210 ,

785 2241 898 2308 sed
947 2241 1085 2328 (17)
1117 2255 1180 2304 et
1223 2237 1637 2305 Vindelicum
1679 2242 2023 2307 victoriam
2052 2239 2306 2305 Tiberii
2348 2241 2674 2324 Drusique
2717 2239 2861 2324 pri-

780 2353 1135 2439 vignorum
1179 2371 1450 2414 suorum
1491 2375 1508 2414 ε
1549 2371 1832 2435 eumque
1872 2351 2155 2436 coegerit
2186 2365 2453 2438 propter
2486 2345 2617 2412 hoc
2656 2345 2865 2412 tribus

781 2460 1158 2524 carminum
1201 2455 1388 2522 libris
1441 2479 1518 2520 ex
1557 2455 1761 2544 longo
1804 2455 2145 2522 intervallo
2197 2472 2505 2544 quartum
2559 2454 2796 2520 addere
2844 2480 2862 2518 ε

776 2581 926 2655 post
973 2587 1302 2631 sermones
1356 2587 1510 2631 vcro
1563 2564 1885 2650 quosdam
1932 2563 2133 2630 lectos
2161 2615 2183 2648 ,
2228 2563 2481 2630 nullam
2520 2567 2622 2630 sui
2673 2585 2862 2628 men-

777 2677 1024 2742 tionem
1061 2673 1356 2740 habitam
1399 2677 1490 2740 ita
1532 2677 1612 2740 sit
1658 2691 1919 2759 questus
1968 2701 1985 2740 z
2032 2703 2063 2735 α
2099 2676 2291 2740 irasci
2338 2698 2445 2740 me
2491 2673 2613 2740 tibi
2657 2675 2863 2754 scito,

775 2781 958 2870 quod
987 2803 1120 2846 non
1151 2782 1218 2846 in
1253 2777 1578 2868 plerisque
1616 2779 1937 2865 ejusmodi
1976 2783 2236 2870 scriptis
2292 2803 2553 2849 mecum
2599 2779 2861 2873 potissi:

776 2911 967 2960 mum
1011 2889 1321 2978 loquaris.
1363 2889 1470 2956 An
1511 2892 1751 2958 vereris
1780 2913 1862 2956 ne
1892 2891 2069 2978 apud
2112 2907 2402 2978 posteros
2444 2889 2689 2956 infame
2738 2885 2857 2952 tibi

775 3005 860 3068 sit
909 3001 1090 3088 quod
1141 2999 1421 3068 videaris
1473 2998 1819 3069 familiaris
1870 2999 2063 3071 nobis
2104 3001 2283 3068 esse?
2312 3029 2345 3062 a·
2404 3000 2855 3088 Expressitque

775 3109 1074 3200 eclogam
1111 3108 1298 3195 cujus
1320 3111 1590 3177 initium
1616 3125 1712 3174 est
1738 3135 1755 3175 ε

943 3239 1074 3290 Cum
1109 3243 1190 3288 tot
1227 3237 1499 3289 sustineas
1535 3243 1592 3287 et
1622 3243 1784 3288 tanea
1818 3236 2034 3308 negotia
2065 3235 2215 3290 solue
2231 3275 2247 3300 .
2286 3250 2384 3290 etc.
2426 3234 2535 3303 (18)

864 3355 1112 3422 Habitu
1149 3357 1442 3442 corporis
1484 3354 1697 3421 brevis
1745 3355 1871 3420 suit
1910 3373 2102 3444 atque
2142 3357 2415 3440 obesus,
2459 3353 2671 3442 qualis
2712 3369 2775 3418 et
2820 3377 2859 3420 a

775 3466 1121 3551 semetipso
1175 3465 1248 3530 in
1301 3464 1550 3550 Satyris
1605 3463 1997 3528 describitur
2030 3513 2051 3548 ,
2112 3483 2175 3530 et
2228 3465 2312 3530 ab
2370 3467 2664 3551 Augusto
2728 3461 2859 3526 hac

774 3570 1048 3660 epistola
1081 3598 1100 3636 ε
1128 3599 1159 3631 α
1193 3572 1464 3638 Pertulit
1491 3573 1576 3636 ad
1605 3595 1712 3637 me
1738 3575 1874 3660 (19)
1914 3575 2271 3661 Dionysius
2300 3573 2597 3638 libellum
2629 3591 2855 3652 tuum,

771 3701 972 3768 quem
997 3700 1153 3765 ege,
1179 3679 1315 3764 (ao)
1342 3695 1411 3744 ut
1433 3698 1849 3748 accusantem
1873 3680 2513 3768 quantuluscumque
2560 3705 2628 3746 es
2646 3731 2664 3764 ,
2698 3681 2857 3746 boni

773 3787 1066 3854 consulo.
1101 3787 1326 3854 Vereri
1361 3805 1578 3854 autem
1619 3789 1787 3856 mihi
1830 3791 2069 3857 videris
2104 3815 2185 3856 ne
2214 3791 2494 3876 majores
2522 3788 2726 3854 libelli
2756 3791 2859 3855 tui

769 3901 900 3966 sint
919 3919 1118 3984 quam
1142 3899 1282 3984 ipse
1307 3919 1393 3962 es.
1417 3897 1546 3962 Sed
1571 3901 1707 3984 (21)
1736 3899 1854 3966 tibi
1876 3916 2119 3971 statura
2139 3901 2345 3984 deest,
2376 3897 2855 3986 corpusculum

771 4030 912 4076 non
940 4005 1135 4072 deest.
1163 4005 1392 4090 Itaque
1415 4004 1639 4072 licebit
1670 4009 1737 4072 in
1771 4008 1909 4093 (22)
1942 4007 2281 4076 sextariolo
2308 4008 2591 4086 scribas,
2620 4025 2689 4083 ut
2714 4010 2859 4072 cir·-

774 4113 990 4180 cuitus
1015 4107 1370 4180 voluminis
1409 4110 1502 4176 tui
1540 4111 1620 4178 sit
1654 4107 1791 4196 (23)
1816 4109 2281 4194 σ’γιιωέέσπιτισ
2304 4115 2474 4184 sicut
2499 4129 2591 4184 ost
2618 4115 2865 4182 ventri-

774 4219 912 4290 euli
955 4219 1050 4287 tui
1093 4215 1255 4306 (24).
