3300 5042
780 578 917 665 104
1414 607 1583 654 mn.
1636 605 1704 666 1,
1769 603 1934 654 oms
1985 607 2210 654 xvu.

1484 899 1752 983 ODE
1833 899 2150 983 XVII.

1372 1149 1499 1218 AD
1560 1153 2259 1222 TYNDARIDEM.

780 1437 1013 1503 Vntox
1061 1459 1395 1502 amoenum
1440 1463 1605 1528 saepe
1653 1441 2042 1506 Lucretilem

779 1547 989 1612 Mutat
1038 1546 1273 1632 Lycaeo
1314 1549 1606 1628 Faunus,
1657 1567 1718 1614 et
1769 1554 2026 1636 igneam

968 1656 1271 1721 Defendit
1313 1673 1595 1722 aestatem
1646 1659 1912 1744 capellis

871 1765 1093 1850 Usque
1138 1767 1336 1847 meis,
1388 1766 1772 1852 pluviosque
1807 1785 2048 1834 ventos.

782 1930 1062 2018 Impune
1100 1947 1311 1996 tutum
1358 1955 1475 2018 per
1516 1955 1748 1998 nemus
1793 1933 2056 2001 arbutos

788 2039 1111 2124 Quaerunt
1156 2038 1420 2105 latentes
1462 2057 1525 2106 et
1568 2041 1798 2128 thyma
1843 2044 2045 2110 deviae

964 2147 1217 2213 Olentis
1263 2151 1482 2214 uxoris
1528 2153 1790 2232 mariti;

874 2249 1009 2316 Nec
1064 2253 1303 2318 virides
1356 2271 1656 2319 metuunt
1707 2255 2054 2339 colubros,

786 2417 924 2485 Nec
962 2419 1290 2486 Martiales
1326 2421 1626 2486 haeduliae
1671 2421 1888 2508 lupos:

790 2527 1163 2614 Utcumque
1214 2529 1437 2610 dulci,
1484 2531 1825 2616 Tyndari,
1881 2530 2090 2595 fistula

972 2633 1227 2714 Valles,
1276 2651 1338 2699 et
1383 2637 1615 2702 Usticae
1659 2637 1956 2700 cubantis

876 2742 1093 2807 Laevia
1134 2765 1522 2830 personuere
1564 2769 1736 2810 saxa.

792 2911 879 2975 Di
934 2931 1039 2971 me
1090 2925 1395 2990 tuemur,
1438 2909 1553 2976 Dis
1602 2910 1808 2994 pietas
1861 2931 2004 2973 mea

790 3017 869 3081 Et
916 3015 1105 3080 Musa
1156 3017 1340 3080 cordi
1392 3033 1504 3081 est.
1557 3017 1733 3080 Hinc
1787 3017 1906 3081 tibi
1953 3021 2146 3106 copia

972 3113 1265 3190 Manebit
1311 3126 1393 3188 ad
1446 3123 1716 3212 plenum
1775 3124 2060 3210 benigno

880 3233 1078 3298 Ruris
1122 3233 1453 3300 honorum
1494 3233 1802 3319 opulenta
1841 3255 2066 3297 cornu.

795 3405 923 3468 Hic
960 3404 1029 3468 in
1084 3404 1351 3468 reducta
1404 3401 1567 3470 valle
1607 3403 1922 3466 caniculae

796 3513 1046 3580 vitabis
1088 3531 1322 3595 aestuS,
1370 3531 1431 3578 et
1480 3513 1606 3577 fide
1661 3516 1822 3579 Teia

980 3627 1173 3690 Dices
1218 3623 1585 3687 laborantes
1638 3625 1706 3686 in
1761 3644 1894 3686 uno

886 3735 1289 3822 Penelopen,
1340 3737 1744 3819 vitreamque
1790 3731 2047 3797 Circen.

796 3899 925 3968 Hic
986 3901 1353 3966 innocentis
1400 3897 1633 3985 pocula
1695 3895 1910 3960 Lesbii

798 4011 1015 4077 Duces
1054 4005 1177 4070 sub
1220 4005 1495 4086 umbra,
1542 4027 1662 4068 nec
1705 3999 2057 4068 Semeleius

874 4155 884 4160 -
981 4115 1153 4181 Cum
1186 4115 1393 4180 Marte
1444 4113 1800 4178 confundet
1849 4112 2208 4196 Thyoneus

888 4223 1163 4308 Praelia3
1210 4247 1331 4289 nec
1376 4238 1621 4287 metues
1661 4237 2037 4309 protervum

2809 2558 2902 2598 10

2818 3759 2918 3802 20
