3300 5042
746 551 845 640 44
1408 594 1582 642 mn.
1634 595 1702 660 1,
1771 597 1939 648 ons
1987 601 2139 650 v11.

1476 891 1758 976 ODE
1871 894 2092 976 VII.

1089 1193 1226 1260 An
1296 1195 1878 1270 MUNATIUM
1945 1199 2469 1288 PLANCUM.

738 1517 1179 1590 LAunAstm‘r
1232 1524 1345 1590 alii
1394 1527 1639 1595 claram
1673 1529 1992 1612 Rhodon,
2033 1547 2144 1594 aut
2191 1525 2548 1613 Mitylenen
2577 1569 2598 1602 ,

916 1629 1047 1694 Aut
1089 1634 1459 1720 Ephesum,
1514 1637 1861 1704 bimarisve
1905 1636 2206 1703 Corinthi

735 1733 983 1801 Moenia
1008 1786 1027 1819 ‚
1079 1742 1181 1806 vel
1218 1743 1479 1810 Baccho
1526 1747 1786 1812 Thebas
1807 1797 1826 1830 ‚
1878 1747 1980 1814 vel
2023 1743 2326 1834 Apolline
2376 1735 2666 1826 Delphos

904 1847 1253 1938 insignes,
1291 1872 1401 1919 aut
1446 1855 1760 1922 Thessala
1802 1858 2073 1953 Tempe.

738 1949 907 2017 Sunt
959 1957 1199 2040 quibus
1250 1984 1461 2028 unum
1512 1988 1676 2051 opus
1718 1953 2116 2030 est⁰intactae
2161 1962 2441 2029 Palladis
2471 1955 2708 2024 urbem
2774 1947 2811 2014 5

924 2061 1230 2129 Carmine
1279 2088 1591 2156 perpetuo
1644 2071 1966 2140 celebrare
1992 2119 2012 2152 ‚
2063 2088 2126 2136 et

738 2163 1047 2252 Undique
1091 2173 1464 2260 decerptam
1501 2178 1703 2243 fronti
1749 2202 2128 2267 praeponere
2167 2177 2433 2244 olivam·

916 2278 1245 2348 Plurimus
1291 2289 1360 2351 in
1412 2289 1694 2354 Junonis
1739 2289 2059 2354 bonorem

736 2383 983 2470 Aptum
1038 2389 1207 2456 dicet
1253 2399 1433 2478 equis
1484 2397 1730 2484 Argos,
1781 2399 2074 2484 ditesque
2122 2396 2452 2481 Mycenas.

914 2495 1022 2557 Me
1068 2521 1186 2561 nec
1238 2515 1369 2566 tam
1420 2509 1672 2590 patiens
1723 2508 2193 2586 Lacedaemon,

734 2599 872 2666 Nec
916 2617 1049 2666 tam
1092 2605 1357 2674 Larissae
1400 2618 1715 2698 percussit
1759 2638 2028 2700 campus
2063 2615 2337 2699 opimae‚

915 2707 1138 2788 Quam
1182 2713 1415 2783 domus
1467 2719 1778 2785 Albuneae
1823 2721 2226 2800 resonanti3‚

731 2817 811 2881 Et
856 2841 1147 2905 praeceps
1195 2824 1411 2908 Anio,
1464 2849 1541 2889 ac
1589 2829 1875 2894 Tiburni
1924 2828 2156 2910 lucus,
2199 2843 2260 2888 et
2315 2825 2446 2888 uda

912 2922 1271 2992 Mobilibus
1314 2933 1613 3016 pomaria
1658 2935 1830 2998 rivis.

730 3197 943 3262 Albus
982 3215 1054 3263 ut
1088 3201 1366 3270 obscuro
1414 3207 1700 3296 deterget
1743 3209 1970 3275 nubila
2015 3207 2183 3272 coelo

918 3306 1103 3392 Saepe
1151 3310 1393 3396 Notus,
1446 3336 1656 3398 neque
1697 3321 1974 3401 parturit
2021 3317 2265 3381 imbres

728 3412 1106 3496 Perpetuo,
1154 3421 1245 3480 sie
1294 3439 1363 3483 tu
1408 3425 1665 3506 sapiens
1716 3423 1902 3488 finire
1948 3441 2276 3488 memento

918 3519 1275 3588 ‘tristitiam
1300 3576 1319 3609 ‚
1364 3531 1641 3611 vitaeque
1683 3529 1937 3595 labores

728 3619 929 3685 Molli
957 3669 977 3700 ,
1025 3622 1293 3709 Plance,
1344 3653 1569 3711 mern,
1616 3655 1726 3696 seu
1779 3649 1838 3696 te
1886 3633 2203 3717 fulgentia
2254 3634 2458 3719 signis

928 3725 1153 3792 Castra
1192 3749 1405 3800 tenent
1431 3784 1451 3816 ‚
1505 3761 1617 3800 seu
1669 3739 1864 3803 densa
1909 3739 2149 3802 tenebit

732 3834 1017 3899 Tiburis
1062 3836 1289 3902 umbra
1334 3845 1448 3904 tui.
1498 3844 1756 3907 Teucer
1801 3846 2131 3911 Salamina
2179 3833 2578 3934 patremque

924 3941 1100 4006 Cum
1148 3947 1437 4033 fugeret,
1482 3967 1702 4014 tamen
1746 3953 1876 4018 uda
1921 3954 2116 4039 Lyaeo

734 4053 1082 4137 Tempora
1127 4056 1405 4139 populea
1448 4061 1656 4121 fertur
1702 4063 1978 4126 vinxisse
2018 4085 2300 4144 corona,

927 4155 1042 4220 Sic
1092 4158 1295 4226 tristes
1342 4162 1577 4230 affatus
1617 4165 1902 4230 amieos:

2753 2516 2835 2560 10

2779 3207 2866 3272 15

2789 3769 2886 3812 20
