3300 5042
1037 795 1863 920 HORATII
1972 797 2499 944 VITA,

1262 1091 1422 1170 Ex
1497 1089 1939 1170 comcss
2016 1091 2115 1170 V.
2185 1093 2293 1193 (t)

835 1599 1155 1670 Onacms
1201 1603 1530 1687 Qmwrus
1570 1603 1877 1670 chcus
1922 1601 2015 1687 (2)
2061 1622 2363 1687 praecone
2409 1614 2591 1687 patre
2631 1611 2823 1663 natus

748 1701 1071 1773 libertinae
1097 1709 1507 1776 condicionis
1535 1708 1857 1774 oriundus
1880 1707 2251 1772 Venusinus
2278 1707 2402 1770 fuit
2428 1725 2575 1790 quae
2600 1703 2823 1769 civitas

756 1833 850 1882 est
889 1817 1146 1906 Apuliae
1174 1867 1193 1902 ,
1239 1843 1372 1886 non
1413 1838 1628 1886 autem
1672 1819 1908 1909 opibus
1950 1819 2097 1885 vilis
2134 1835 2247 1884 aut
2286 1817 2501 1884 studio
2527 1815 2619 1903 (3)
2652 1863 2671 1900 ,
2704 1815 2821 1900 qui

759 1946 926 2011 puer
951 1926 1184 1992 ductus
1220 1929 1502 1994 Romam
1531 1951 1568 1992 a
1601 1943 1784 2016 patre
1824 1943 1897 1992 ut
1936 1925 2033 1990 ihi
2065 1925 2282 1992 literas
2314 1925 2607 1990 disceret.
2644 1923 2823 1990 Prae-

765 2046 936 2094 terea
961 2047 1024 2096 et
1049 2030 1382 2098 literarum
1411 2035 1624 2100 studio
1654 2050 1995 2120 provectus
2024 2031 2309 2098 Athenas
2336 2055 2403 2098 se
2432 2027 2703 2095 contulit
2730 2025 2825 2114 (4)

760 2139 848 2204 ad
885 2145 1340 2228 sapienciores.
1367 2143 1669 2230 Cumque
1705 2143 1799 2211 ibi
1840 2144 2047 2209 multo
2086 2160 2375 2230 tempore
2401 2141 2535 2228 jam
2566 2141 2826 2219 fuisset,

761 2251 1032 2317 audiens
1057 2252 1516 2318 discessionem
1549 2257 1689 2342 (sic)
1718 2271 1929 2319 ortam
1962 2256 2131 2319 inter
2158 2255 2249 2338 (5)
2278 2254 2642 2340 Augustum
2684 2247 2829 2313 Cae-

757 2383 968 2426 sarem
1001 2379 1064 2426 et
1103 2361 1374 2428 Brutum
1403 2380 1464 2428 et
1489 2363 1787 2430 Cassium
1806 2413 1827 2445 ‚
1863 2365 2113 2451 juvenis
2148 2361 2423 2426 contulit
2450 2383 2516 2426 se
2546 2358 2631 2423 ad
2662 2357 2827 2422 Bru-

757 2484 901 2534 tum
942 2487 1004 2534 et
1039 2469 1334 2536 Cassium
1379 2475 1447 2538 in
1483 2471 1888 2538 Thessaliam
1943 2473 2035 2557 (6)
2091 2493 2153 2558 q.
2200 2469 2501 2536 tribunus
2540 2466 2825 2532 militum

759 2575 1024 2640 effectus
1052 2591 1162 2640 est.
1191 2577 1390 2640 Bruto
1427 2594 1642 2643 autem
1680 2595 1743 2642 et
1780 2577 2002 2644 Cassio
2044 2577 2127 2641 ab
2170 2577 2261 2664 (5)
2300 2576 2591 2664 Augusto
2626 2593 2827 2658 supe-

757 2685 914 2748 ratis
934 2731 954 2768 ,
977 2685 1255 2750 Oracius
1277 2687 1554 2752 Romam
1575 2711 1864 2754 reversus
1892 2704 1983 2752 est
2008 2689 2100 2774 (6)
2127 2707 2190 2772 q.
2216 2685 2515 2750 tribunus
2544 2683 2831 2747 militum

759 2797 990 2860 fuerat.
1031 2797 1401 2861 Maecenatis
1440 2821 1591 2863 vero
1630 2815 1693 2862 et
1723 2799 1815 2890 (7)
1845 2797 2154 2864 Pollionis
2182 2799 2545 2861 interventu
2579 2795 2651 2858 in
2680 2812 2832 2878 gra-

758 2907 922 2970 tiam
963 2907 1240 2992 Augusti
1287 2926 1580 2995 receptus
1617 2927 1730 2975 est.
1776 2911 1867 2996 (8)
1909 2912 2079 2976 Dein
2111 2929 2146 2972 a
2185 2907 2537 2972 Maecenate
2566 2919 2830 2992 rogatus

764 3031 856 3079 est
881 3017 1227 3080 transferre
1243 3033 1306 3080 et
1333 3017 1665 3082 ostendere
1686 3020 2021 3083 varietates
2040 3033 2397 3080 metrorum
2422 3011 2638 3078 latinis
2662 3035 2835 3077 non-

761 3123 922 3187 dum
966 3126 1292 3212 cognitas,
1327 3147 1450 3190 nec
1481 3127 1550 3190 in
1577 3123 1857 3190 latinum
1887 3123 2104 3190 adhuc
2135 3123 2218 3188 ab
2246 3121 2465 3208 aliquo
2498 3119 2834 3186 translatas

761 3251 908 3317 quae
962 3233 1138 3320 apud
1195 3233 1459 3298 Graecos
1505 3234 1781 3298 inventae
1832 3233 2085 3297 fuerant
2135 3234 2227 3319 (9)
2282 3231 2367 3296 ab
2425 3227 2829 3296 Archilocho

760 3344 1004 3428 partim
1043 3341 1128 3406 ab
1169 3341 1388 3408 Alcdeo
1416 3359 1480 3408 et
1507 3342 1749 3430 Sapho.
1782 3345 1923 3432 (ιο)
1960 3343 2151 3410 Unde
2189 3363 2451 3408 sumens
2486 3341 2831 3404 materiam

761 3451 1055 3516 varietati
1101 3467 1458 3515 metrorum
1512 3465 1732 3538 aptam
1776 3474 1908 3516 non
1962 3474 2161 3516 unam
2202 3451 2314 3516 sed
2351 3446 2779 3535 multiplicem
2806 3493 2831 3523 ‚

763 3557 1010 3624 scilicet
1035 3559 1122 3644 (⁸)
1147 3557 1369 3626 laudes
1405 3563 1648 3626 amoris
1687 3577 1747 3624 et
1778 3577 2015 3626 ceteras
2060 3560 2346 3625 ludicras
2364 3583 2463 3624 res
2486 3559 2573 3644 (⁴¹)
2602 3558 2831 3622 decem

762 3682 828 3730 et
878 3683 1025 3731 octo
1077 3669 1414 3734 varietates
1453 3685 1811 3734 metrorum
1843 3671 1911 3734 in
1942 3687 2223 3756 quatuor
2248 3668 2435 3734 libris
2460 3668 2833 3732 carminum

764 3776 1041 3842 ostendit
1085 3793 1146 3841 ct
1189 3777 1276 3863 (⁸)
1327 3801 1550 3844 rursus
1597 3779 1899 3864 quaedam
1950 3778 2075 3842 alia
2127 3793 2331 3842 metra
2376 3779 2446 3842 in
2481 3775 2651 3840 libro
2690 3774 2831 3864 (11)

761 3904 958 3968 super
982 3883 1164 3947 Odis.
1205 3883 1402 3966 Quod
1433 3899 1650 3950 autem
1682 3883 1821 3949 haec
1854 3887 2121 3948 materia
2152 3884 2441 3950 varietati
2472 3898 2835 3946 metrorum

763 4009 914 4078 apta
960 3991 1046 4079 (⁸¹)
1073 3993 1154 4057 sit
1178 3995 1447 4079 ipsemet
1474 3993 1751 4059 ostendit
1779 3995 1845 4058 iu
1876 3992 2047 4056 libro
2074 3995 2339 4080 poetriae
2357 3993 2616 4056 dicens:
2642 3991 2835 4056 Musa

759 4102 940 4166 dedit
961 4119 1077 4166 etc.
1107 4103 1212 4166 Est
1241 4117 1454 4166 autem
1481 4101 1618 4186 ejus
1643 4104 1929 4166 intencio
1956 4101 2342 4188 generaliter
2379 4103 2447 4165 in
2475 4099 2602 4164 hoc
2630 4121 2831 4184 opere

757 4211 1006 4277 imitari
1036 4211 1330 4290 Alcaeum
1356 4229 1418 4277 et
1443 4209 1667 4298 Sapho
1691 4213 1761 4276 in
1798 4209 2214 4278 varietatibus
2240 4227 2599 4278 metrorum
2626 4209 2708 4275 ab
2736 4210 2830 4274 eis

2208 4375 2261 4384 o·—
