3300 5042
707 517 850 594 266
1327 543 1498 594 mn.
1551 545 1665 608 11,
1729 539 1901 598 ουκ
1950 545 2163 594 xut-

1415 795 1693 880 ODE
1772 795 2043 880 XIII.

703 1026 806 1092 IN
836 1025 1307 1094 ARBOREM
1333 1025 1634 1097 CUJUS
1662 1026 1918 1094 CASU
1944 1025 2187 1095 PENE
2218 1023 2786 1097 OPPRESSUS

1525 1131 1958 1202 FUERAT.

791 1355 948 1420 ILLE
997 1371 1058 1419 et
1097 1357 1344 1421 nefasto
1383 1373 1444 1421 te
1487 1358 1709 1444 posuit
1758 1355 1909 1438 «lie,

793 1461 1212 1548 Quicumque
1259 1465 1550 1550 primum
1573 1510 1596 1544 ‚
1643 1479 1707 1525 et
1754 1461 2071 1550 sacrilega
2122 1483 2329 1530 manu

1064 1569 1378 1635 Produxit
1399 1618 1421 1654 ,
1469 1569 1702 1652 arboe,
1742 1572 1815 1634 in
1870 1585 2189 1657 nepotum

968 1679 1336 1746 Perniciem
1387 1679 1949 1766 opprobriumque
2000 1681 2211 1767 pagi:

789 1839 990 1908 Illum
1035 1861 1097 1910 et
1145 1849 1434 1934 parentis
1476 1847 1869 1912 crediderim
1918 1847 2021 1910 sui

791 1951 844 2016 F
843 1955 1080 2039 regisse
1135 1955 1455 2018 cervicem
1491 1971 1555 2018 et
1601 1952 1961 2042 penetralia

1060 2061 1381 2149 Sparsisse
1427 2079 1751 2128 nocturno
1798 2085 2037 2128 cruore

969 2167 1300 2258 Hospitis:
1322 2171 1430 2236 ille
1467 2192 1717 2238 venena
1760 2168 2017 2236 Colcha

791 2332 872 2396 Et
907 2333 1231 2420 quidquid
1277 2357 1554 2421 usquam
1591 2335 1963 2422 coneipitur
1998 2331 2183 2398 nefas

794 2440 1169 2522 Tractavit,
1217 2463 1377 2530 agro
1413 2445 1529 2528 qui
1573 2443 1796 2506 statuit
1836 2462 1983 2504 meo

1059 2548 1195 2631 Te,
1251 2551 1427 2614 triste
1465 2547 1773 2636 lignum,
1820 2563 1878 2611 te
1920 2545 2251 2610 caducum

972 2655 1051 2720 In
1095 2655 1350 2721 domini
1395 2673 1592 2744 eaput
1641 2653 2089 2720 immerentis!

797 2819 982 2906 Quid
1033 2825 1305 2910 quisque
1344 2826 1501 2888 vitet
1551 2843 1893 2908 nunquam
1934 2819 2194 2884 homini
2246 2819 2396 2885 satis

797 2931 1082 2998 Cautum
1124 2949 1218 2996 est
1250 2935 1324 2996 in
1363 2931 1577 2996 horas.
1637 2931 1873 2998 Navita
1908 2929 2279 3017 Bosporum

1070 3045 1311 3112 l’oenus
1353 3045 1826 3134 perhorrescit,
1874 3065 2085 3130 neque
2128 3041 2299 3108 ultra

977 3151 1169 3220 Caeca
1213 3157 1398 3220 timet
1443 3153 1707 3218 aliunde
1752 3153 1927 3236 sata3

799 3317 989 3386 Miles
1039 3323 1301 3408 sagittas
1345 3336 1408 3385 et
1453 3319 1727 3384 celerem
1770 3319 2003 3406 fugam

799 3429 1070 3516 Parthi3
1115 3447 1373 3496 catenas
1412 3427 1692 3495 Parthus
1730 3445 1793 3492 et
1844 3425 2083 3492 Italum

1083 3539 1350 3624 Robur3
1396 3539 1508 3604 sed
1556 3539 1913 3626 improvisa
1946 3535 2135 3602 Lethi

980 3649 1096 3718 Vis
1133 3649 1351 3738 rapuit
1371 3695 1393 3732 ,
1433 3649 1770 3735 rapietque
1820 3663 2057 3736 gentes.

809 3810 1034 3896 Quam
1072 3833 1239 3899 pene
1288 3815 1494 3878 furvae
1542 3833 1743 3898 regna
1791 3811 2227 3898 Proserpinae,

804 3925 885 3992 Et
931 3922 1333 4008 judicantem
1381 3923 1671 3988 vidimus
1722 3923 2049 4001 AEaeum,

1077 4031 1400 4118 sedesque
1445 4033 1753 4098 discretas
1802 4033 2069 4119 piorum
2096 4078 2116 4116 ,
2165 4043 2227 4092 et

985 4137 1214 4208 AEoliis
1267 4139 1510 4206 fidibus
1549 4155 1930 4229 querentem

2716 2459 2799 2503 10

2721 3041 2803 3108 15

2718 3663 2811 3708 20
