3300 5042
790 565 919 638 152
1366 593 1535 640 mn.
1590 593 1656 653 1,
1727 591 1896 639 onis
1947 591 2287 638 xxvtn.

1414 879 1680 963 ODE
1759 824 2224 964 xxvm.

1238 1151 1792 1222 ARCHYTAS
1863 1151 1984 1218 ET
2043 1151 2422 1222 NAUTA.

1673 1461 1984 1508 NAUTA.

786 1683 883 1749 Te
933 1687 1133 1750 maris
1173 1701 1235 1750 et
1282 1699 1467 1751 ten-e
1486 1733 1509 1768 ,
1564 1707 1972 1772 numeroque
2019 1690 2300 1752 carentis
2345 1708 2558 1750 arenoe

962 1793 1332 1858 Mensorem
1370 1793 1715 1877 cohibent,
1769 1793 2060 1880 Archyta
2087 1843 2108 1877 ,

782 1897 1075 1967 Pulveris
1118 1903 1337 1989 exigui
1378 1925 1585 1989 prope
1622 1901 1778 1968 litus
1827 1927 2030 1990 parva
2081 1902 2404 1968 Matinum

962 2009 1281 2075 Munera:
1326 2035 1447 2075 nee
1493 2011 1858 2098 quidquam
1901 2012 2020 2075 tibi
2063 2012 2328 2100 prodest

789 2116 1012 2184 Aerias
1062 2135 1332 2186 tentasse
1374 2121 1646 2202 domos,
1703 2123 2056 2208 animoque
2103 2115 2464 2188 rotundum
2842 2119 2880 2182 5

969 2229 1370 2295 Percurrisse
1411 2229 1643 2320 polum
1700 2235 2042 2297 morituro.

1593 2533 2054 2581 ARCRYTA&

788 2765 1055 2836 Occidit
1097 2781 1161 2832 et
1194 2765 1449 2853 Pelopis
1498 2767 1792 2853 genitor,
1839 2768 2114 2832 conviva
2156 2763 2486 2846 Deorum,

964 2875 1423 2963 Tithonusque
1464 2891 1754 2941 remotus
1798 2877 1870 2939 in
1913 2897 2147 2955 auras,

784 2987 863 3051 Et
907 2987 1087 3053 Jovis
1136 2987 1395 3050 arcanis
1436 2983 1654 3050 Minos
1685 2984 2052 3068 admissum
2099 2981 2474 3068 habentque

964 3095 1241 3161 Tartara
1292 3093 1700 3160 Panthoiden
1743 3095 1980 3157 iterum
2020 3117 2178 3158 orco
2797 3115 2876 3156 xo

785 3206 1163 3274 Demissum
1185 3252 1206 3286 ,
1250 3205 1548 3288 quamvis
1586 3202 1821 3289 clypeo
1869 3201 2160 3288 Troiana
2201 3201 2404 3267 refixo

962 3311 1295 3398 Tempora
1339 3327 1641 3392 testatuS,
1690 3309 1862 3375 nihil
1914 3309 2084 3374 ultra

782 3421 1031 3490 Nervoa
1074 3438 1267 3507 atque
1310 3437 1525 3485 cutem
1572 3423 1766 3485 morti
1815 3435 2216 3484 concesserat
2257 3433 2410 3482 atrae
2434 3465 2457 3500 ,

968 3527 1203 3594 Judice
1252 3544 1349 3612 te,
1402 3552 1535 3594 non
1586 3529 1890 3595 sordibus
1945 3545 2174 3593 auctor

784 3635 1049 3704 Naturae
1096 3639 1381 3722 verique.
1427 3635 1554 3702 Sed
1601 3658 1827 3700 omnes
1869 3659 2002 3700 una
2045 3651 2264 3700 manet
2309 3657 2440 3700 nox
2797 3637 2872 3702 15

960 3745 1037 3810 Et
1080 3743 1395 3809 calcanda
1444 3744 1640 3810 semel
1682 3747 1784 3810 via
1836 3743 2013 3808 lethi.

782 3855 961 3922 Dant
1010 3855 1169 3921 alios
1217 3857 1428 3922 Furiae
1470 3875 1654 3924 torvo
1702 3857 2071 3944 spectacula
2123 3856 2370 3940 Μανῆς

964 3963 1176 4026 Exitio
1222 3978 1313 4027 ωσι
1358 3963 1623 4028 avidum
1669 3985 1849 4027 mare
1895 3966 2150 4028 nautis:

782 4067 983 4149 Mixta
1023 4093 1252 4134 senum
1296 4093 1375 4135 ac
1423 4069 1738 4156 juvenum
1787 4071 2139 4137 densentur
2177 4073 2454 4136 funera:
2495 4069 2758 4136 nullum

962 4178 1145 4248 Saeva
1194 4195 1391 4266 caput
1437 4179 1824 4266 Proserpina
1873 4182 2060 4268 sugit.
2785 4203 2876 4244 20
